<?xml version="1.0" encoding="UTF-8"?>
<!DOCTYPE html PUBLIC "-//W3C//DTD XHTML 1.0 Transitional//EN"
    "http://www.w3.org/TR/xhtml1/DTD/xhtml1-transitional.dtd">
<html xmlns="http://www.w3.org/1999/xhtml" xml:lang="en" lang="en">
 <head>
  <title>
</title>
<meta http-equiv="Content-Type" content="text/html;charset=utf-8" />
  <meta name='ocr-system' content='tesseract 3.04.00' />
  <meta name='ocr-capabilities' content='ocr_page ocr_carea ocr_par ocr_line ocrx_word'/>
</head>
<body>
  <div class='ocr_page' id='page_1' title='image "./iolavrentiamosh00moshgoog_0069.png"; bbox 0 0 2850 5475; ppageno 0'>
   <div class='ocr_carea' id='block_1_1' title="bbox 155 512 1072 627">
    <p class='ocr_par' dir='ltr' id='par_1_1' title="bbox 155 512 1072 627">
     <span class='ocr_line' id='line_1_1' title="bbox 155 512 1072 627; baseline -0.007 -19"><span class='ocrx_word' id='word_1_1' title='bbox 155 548 199 627; x_wconf 78' lang='lat'>⁴8</span> <span class='ocrx_word' id='word_1_2' title='bbox 262 535 387 625; x_wconf 64' lang='lat' dir='ltr'>Ciani.</span> <span class='ocrx_word' id='word_1_3' title='bbox 426 538 478 607; x_wconf 82' lang='lat' dir='ltr'>Dr</span> <span class='ocrx_word' id='word_1_4' title='bbox 494 536 640 626; x_wconf 64' lang='lat' dir='ltr'>poterim</span> <span class='ocrx_word' id='word_1_5' title='bbox 656 545 686 603; x_wconf 78' lang='lat' dir='ltr'>et</span> <span class='ocrx_word' id='word_1_6' title='bbox 706 539 824 622; x_wconf 72' lang='lat' dir='ltr'>origiue</span> <span class='ocrx_word' id='word_1_7' title='bbox 842 512 1072 604; x_wconf 63' lang='lat' dir='ltr'>uocdshsu&#39;</span> 
     </span>
    </p>
   </div>
   <div class='ocr_carea' id='block_1_2' title="bbox 108 705 1178 1311">
    <p class='ocr_par' dir='ltr' id='par_1_2' title="bbox 108 705 1178 1311">
     <span class='ocr_line' id='line_1_2' title="bbox 157 705 1178 799; baseline -0.004 -8"><span class='ocrx_word' id='word_1_8' title='bbox 157 705 282 799; x_wconf 83' lang='lat' dir='ltr'>vinciis,</span> <span class='ocrx_word' id='word_1_9' title='bbox 308 711 353 787; x_wconf 88' lang='lat' dir='ltr'>lic</span> <span class='ocrx_word' id='word_1_10' title='bbox 372 735 403 789; x_wconf 90' lang='lat' dir='ltr'>et</span> <span class='ocrx_word' id='word_1_11' title='bbox 424 721 459 789; x_wconf 90' lang='lat' dir='ltr'>in</span> <span class='ocrx_word' id='word_1_12' title='bbox 476 718 627 795; x_wconf 84' lang='lat' dir='ltr'>Fraucia,</span> <span class='ocrx_word' id='word_1_13' title='bbox 650 713 755 787; x_wconf 75' lang='lat' dir='ltr'>audiar</span> <span class='ocrx_word' id='word_1_14' title='bbox 771 706 873 785; x_wconf 77' lang='lat' dir='ltr'>fuisse.</span> <span class='ocrx_word' id='word_1_15' title='bbox 922 715 1049 784; x_wconf 89' lang='lat' dir='ltr'>Verum</span> <span class='ocrx_word' id='word_1_16' title='bbox 1066 710 1178 787; x_wconf 75' lang='lat' dir='ltr'>btmn‘s</span> 
     </span>
     <span class='ocr_line' id='line_1_3' title="bbox 159 812 1177 917; baseline -0.001 -23"><span class='ocrx_word' id='word_1_17' title='bbox 159 821 239 894; x_wconf 88' lang='lat' dir='ltr'>baec</span> <span class='ocrx_word' id='word_1_18' title='bbox 259 814 320 892; x_wconf 87' lang='lat' dir='ltr'>suit</span> <span class='ocrx_word' id='word_1_19' title='bbox 340 812 491 895; x_wconf 78' lang='lat' dir='ltr'>felicitas:</span> <span class='ocrx_word' id='word_1_20' title='bbox 519 846 579 893; x_wconf 90' lang='lat' dir='ltr'>nec</span> <span class='ocrx_word' id='word_1_21' title='bbox 594 814 754 917; x_wconf 77' lang='lat' dir='ltr'>sequentes</span> <span class='ocrx_word' id='word_1_22' title='bbox 767 821 965 889; x_wconf 78' lang='lat' dir='ltr'>Francorum</span> <span class='ocrx_word' id='word_1_23' title='bbox 981 819 1089 916; x_wconf 81' lang='lat' dir='ltr'>Reges</span> <span class='ocrx_word' id='word_1_24' title='bbox 1104 836 1177 893; x_wconf 79' lang='lat' dir='ltr'>tam</span> 
     </span>
     <span class='ocr_line' id='line_1_4' title="bbox 157 916 1177 1023; baseline 0 -28"><span class='ocrx_word' id='word_1_25' title='bbox 157 928 300 1023; x_wconf 90' lang='lat' dir='ltr'>propitio</span> <span class='ocrx_word' id='word_1_26' title='bbox 322 927 356 994; x_wconf 86' lang='lat' dir='ltr'>in</span> <span class='ocrx_word' id='word_1_27' title='bbox 373 921 442 996; x_wconf 83' lang='lat' dir='ltr'>illas</span> <span class='ocrx_word' id='word_1_28' title='bbox 462 924 614 997; x_wconf 84' lang='lat' dir='ltr'>mulieres</span> <span class='ocrx_word' id='word_1_29' title='bbox 633 927 746 994; x_wconf 87' lang='lat' dir='ltr'>animo</span> <span class='ocrx_word' id='word_1_30' title='bbox 767 916 913 993; x_wconf 85' lang='lat' dir='ltr'>suerunt:</span> <span class='ocrx_word' id='word_1_31' title='bbox 933 945 1028 1019; x_wconf 84' lang='lat' dir='ltr'>quare</span> <span class='ocrx_word' id='word_1_32' title='bbox 1046 918 1177 1020; x_wconf 80' lang='lat' dir='ltr'>paulla-</span> 
     </span>
     <span class='ocr_line' id='line_1_5' title="bbox 108 1021 1175 1125; baseline 0 -26"><span class='ocrx_word' id='word_1_33' title='bbox 108 1084 111 1089; x_wconf 87' lang='lat'><em>.</em></span> <span class='ocrx_word' id='word_1_34' title='bbox 158 1030 241 1109; x_wconf 81' lang='lat' dir='ltr'>tim,</span> <span class='ocrx_word' id='word_1_35' title='bbox 268 1023 356 1125; x_wconf 86' lang='lat' dir='ltr'>quod</span> <span class='ocrx_word' id='word_1_36' title='bbox 377 1021 432 1099; x_wconf 89' lang='lat' dir='ltr'>suo</span> <span class='ocrx_word' id='word_1_37' title='bbox 454 1029 529 1101; x_wconf 91' lang='lat' dir='ltr'>loco</span> <span class='ocrx_word' id='word_1_38' title='bbox 549 1025 731 1108; x_wconf 83' lang='lat' dir='ltr'>docebitur,</span> <span class='ocrx_word' id='word_1_39' title='bbox 752 1050 909 1123; x_wconf 81' lang='lat' dir='ltr'>maguam</span> <span class='ocrx_word' id='word_1_40' title='bbox 925 1022 1175 1099; x_wconf 83' lang='lat' dir='ltr'>existimationis</span> 
     </span>
     <span class='ocr_line' id='line_1_6' title="bbox 157 1122 1175 1229; baseline 0 -26"><span class='ocrx_word' id='word_1_41' title='bbox 157 1127 230 1209; x_wconf 88' lang='lat' dir='ltr'>suae</span> <span class='ocrx_word' id='word_1_42' title='bbox 250 1134 405 1203; x_wconf 64' lang='lat' dir='ltr'>inituram</span> <span class='ocrx_word' id='word_1_43' title='bbox 428 1127 591 1215; x_wconf 83' lang='lat' dir='ltr'>fecerunt,</span> <span class='ocrx_word' id='word_1_44' title='bbox 614 1129 780 1229; x_wconf 81' lang='lat' dir='ltr'>postremo</span> <span class='ocrx_word' id='word_1_45' title='bbox 803 1127 922 1201; x_wconf 75' lang='lat' dir='ltr'>deletae</span> <span class='ocrx_word' id='word_1_46' title='bbox 944 1122 1074 1229; x_wconf 85' lang='lat' dir='ltr'>prorsus</span> <span class='ocrx_word' id='word_1_47' title='bbox 1087 1126 1175 1216; x_wconf 86' lang='lat' dir='ltr'>sunt,</span> 
     </span>
     <span class='ocr_line' id='line_1_7' title="bbox 158 1231 913 1311; baseline -0.009 0"><span class='ocrx_word' id='word_1_48' title='bbox 158 1254 190 1311; x_wconf 87' lang='lat' dir='ltr'>et</span> <span class='ocrx_word' id='word_1_49' title='bbox 203 1231 244 1308; x_wconf 85' lang='lat' dir='ltr'>ad</span> <span class='ocrx_word' id='word_1_50' title='bbox 257 1236 332 1309; x_wconf 83' lang='lat' dir='ltr'>alias</span> <span class='ocrx_word' id='word_1_51' title='bbox 350 1231 490 1310; x_wconf 76' lang='lat' dir='ltr'>seruilius</span> <span class='ocrx_word' id='word_1_52' title='bbox 505 1235 700 1311; x_wconf 82' lang='lat' dir='ltr'>honestiores</span> <span class='ocrx_word' id='word_1_53' title='bbox 717 1237 913 1307; x_wconf 85' lang='lat' dir='ltr'>transierunt.</span> 
     </span>
    </p>
   </div>
   <div class='ocr_carea' id='block_1_3' title="bbox 597 1346 990 1513">
    <p class='ocr_par' dir='ltr' id='par_1_3' title="bbox 597 1346 990 1513">
     <span class='ocr_line' id='line_1_8' title="bbox 597 1346 990 1513; baseline -0.005 -33"><span class='ocrx_word' id='word_1_54' title='bbox 597 1404 628 1502; x_wconf 73' lang='lat' dir='ltr'>t.</span> <span class='ocrx_word' id='word_1_55' title='bbox 656 1410 725 1480; x_wconf 88' lang='lat' dir='ltr'>xrr.</span> <span class='ocrx_word' id='word_1_56' title='bbox 782 1508 784 1513; x_wconf 16' lang='grc' dir='ltr'>Ι</span> <span class='ocrx_word' id='word_1_57' title='bbox 980 1346 990 1387; x_wconf 87' lang='lat'>&#39;</span> 
     </span>
    </p>
   </div>
   <div class='ocr_carea' id='block_1_4' title="bbox 77 1534 1205 4457">
    <p class='ocr_par' dir='ltr' id='par_1_4' title="bbox 77 1534 1205 4457">
     <span class='ocr_line' id='line_1_9' title="bbox 164 1534 1176 1642; baseline -0.008 -23"><span class='ocrx_word' id='word_1_58' title='bbox 164 1610 170 1619; x_wconf 92' lang='lat'>.</span> <span class='ocrx_word' id='word_1_59' title='bbox 219 1543 349 1642; x_wconf 66' lang='lat' dir='ltr'>,Quarta</span> <span class='ocrx_word' id='word_1_60' title='bbox 364 1559 397 1613; x_wconf 92' lang='lat' dir='ltr'>et</span> <span class='ocrx_word' id='word_1_61' title='bbox 417 1538 576 1639; x_wconf 88' lang='lat' dir='ltr'>pollrema</span> <span class='ocrx_word' id='word_1_62' title='bbox 598 1537 775 1624; x_wconf 65' lang='lat' dir='ltr'>sectarum,</span> <span class='ocrx_word' id='word_1_63' title='bbox 796 1565 872 1639; x_wconf 86' lang='lat' dir='ltr'>quas</span> <span class='ocrx_word' id='word_1_64' title='bbox 884 1542 983 1637; x_wconf 89' lang='lat' dir='ltr'>patria</span> <span class='ocrx_word' id='word_1_65' title='bbox 995 1534 1050 1611; x_wconf 87' lang='lat' dir='ltr'>sua</span> <span class='ocrx_word' id='word_1_66' title='bbox 1063 1539 1176 1611; x_wconf 85' lang='lat' dir='ltr'>GV-l·</span> 
     </span>
     <span class='ocr_line' id='line_1_10' title="bbox 156 1642 1174 1727; baseline -0.006 -6"><span class='ocrx_word' id='word_1_67' title='bbox 156 1646 323 1721; x_wconf 78' lang='lat' dir='ltr'><strong>LIELM</strong></span> <span class='ocrx_word' id='word_1_68' title='bbox 334 1650 392 1718; x_wconf 83' lang='lat' dir='ltr'>VS</span> <span class='ocrx_word' id='word_1_69' title='bbox 406 1642 446 1716; x_wconf 88' lang='lat' dir='ltr'>de</span> <span class='ocrx_word' id='word_1_70' title='bbox 460 1649 491 1718; x_wconf 85' lang='lat' dir='ltr'>S.</span> <span class='ocrx_word' id='word_1_71' title='bbox 509 1648 671 1720; x_wconf 81' lang='lat' dir='ltr'>AMORE</span> <span class='ocrx_word' id='word_1_72' title='bbox 684 1643 839 1718; x_wconf 86' lang='lat' dir='ltr'>exturbari</span> <span class='ocrx_word' id='word_1_73' title='bbox 854 1642 990 1727; x_wconf 81' lang='lat' dir='ltr'>volebat,</span> <span class='ocrx_word' id='word_1_74' title='bbox 1012 1646 1174 1717; x_wconf 84' lang='lat' dir='ltr'>omniurn</span> 
     </span>
     <span class='ocr_line' id='line_1_11' title="bbox 156 1741 1175 1848; baseline -0.008 -21"><span class='ocrx_word' id='word_1_75' title='bbox 156 1769 224 1827; x_wconf 85' lang='lat' dir='ltr'>erat</span> <span class='ocrx_word' id='word_1_76' title='bbox 250 1746 522 1848; x_wconf 81' lang='lat' dir='ltr'>perniciosrlsrrna.</span> <span class='ocrx_word' id='word_1_77' title='bbox 575 1754 708 1823; x_wconf 76' lang='lat' dir='ltr'>Ceterae</span> <span class='ocrx_word' id='word_1_78' title='bbox 738 1743 861 1821; x_wconf 89' lang='lat' dir='ltr'>tarnetli</span> <span class='ocrx_word' id='word_1_79' title='bbox 891 1746 993 1820; x_wconf 79' lang='lat' dir='ltr'>laboti</span> <span class='ocrx_word' id='word_1_80' title='bbox 1024 1741 1090 1818; x_wconf 88' lang='lat' dir='ltr'>sese</span> <span class='ocrx_word' id='word_1_81' title='bbox 1120 1765 1175 1819; x_wconf 88' lang='lat' dir='ltr'>aut</span> 
     </span>
     <span class='ocr_line' id='line_1_12' title="bbox 122 1849 1174 1954; baseline -0.005 -27"><span class='ocrx_word' id='word_1_82' title='bbox 122 1884 125 1893; x_wconf 91' lang='lat'><em>·</em></span> <span class='ocrx_word' id='word_1_83' title='bbox 159 1859 312 1937; x_wconf 85' lang='lat' dir='ltr'>omuino,</span> <span class='ocrx_word' id='word_1_84' title='bbox 338 1874 390 1924; x_wconf 85' lang='lat' dir='ltr'>aut</span> <span class='ocrx_word' id='word_1_85' title='bbox 412 1874 569 1950; x_wconf 86' lang='lat' dir='ltr'>quantum</span> <span class='ocrx_word' id='word_1_86' title='bbox 591 1849 726 1954; x_wconf 81' lang='lat' dir='ltr'>pollent,</span> <span class='ocrx_word' id='word_1_87' title='bbox 752 1849 973 1935; x_wconf 72' lang='lat' dir='ltr'>subducebant,</span> <span class='ocrx_word' id='word_1_88' title='bbox 999 1871 1029 1922; x_wconf 91' lang='lat' dir='ltr'>et</span> <span class='ocrx_word' id='word_1_89' title='bbox 1050 1851 1174 1922; x_wconf 81' lang='lat' dir='ltr'>auxilie</span> 
     </span>
     <span class='ocr_line' id='line_1_13' title="bbox 159 1950 1175 2055; baseline -0.005 -23"><span class='ocrx_word' id='word_1_90' title='bbox 159 1957 301 2032; x_wconf 85' lang='lat' dir='ltr'>ritae·ab</span> <span class='ocrx_word' id='word_1_91' title='bbox 320 1956 388 2028; x_wconf 86' lang='lat' dir='ltr'>aliis</span> <span class='ocrx_word' id='word_1_92' title='bbox 407 1955 624 2055; x_wconf 80' lang='lat' dir='ltr'>possulabarrt3</span> <span class='ocrx_word' id='word_1_93' title='bbox 650 1952 734 2030; x_wconf 89' lang='lat' dir='ltr'>baud</span> <span class='ocrx_word' id='word_1_94' title='bbox 758 1977 867 2029; x_wconf 88' lang='lat' dir='ltr'>tamen</span> <span class='ocrx_word' id='word_1_95' title='bbox 883 1955 1006 2027; x_wconf 76' lang='lat' dir='ltr'>labores</span> <span class='ocrx_word' id='word_1_96' title='bbox 1019 1950 1175 2027; x_wconf 78' lang='lat' dir='ltr'>obsistere</span> 
     </span>
     <span class='ocr_line' id='line_1_14' title="bbox 159 2055 1173 2159; baseline -0.001 -27"><span class='ocrx_word' id='word_1_97' title='bbox 159 2060 327 2159; x_wconf 75' lang='lat' dir='ltr'>putabant,</span> <span class='ocrx_word' id='word_1_98' title='bbox 347 2087 390 2133; x_wconf 91' lang='lat' dir='ltr'>ne</span> <span class='ocrx_word' id='word_1_99' title='bbox 410 2064 479 2159; x_wconf 81' lang='lat' dir='ltr'>quis</span> <span class='ocrx_word' id='word_1_100' title='bbox 492 2064 540 2133; x_wconf 82' lang='lat' dir='ltr'>vit</span> <span class='ocrx_word' id='word_1_101' title='bbox 554 2062 657 2135; x_wconf 89' lang='lat' dir='ltr'>bonus</span> <span class='ocrx_word' id='word_1_102' title='bbox 670 2082 702 2135; x_wconf 90' lang='lat' dir='ltr'>et</span> <span class='ocrx_word' id='word_1_103' title='bbox 714 2061 785 2133; x_wconf 81' lang='lat' dir='ltr'>Deo</span> <span class='ocrx_word' id='word_1_104' title='bbox 797 2079 902 2159; x_wconf 78' lang='lat' dir='ltr'>gratus</span> <span class='ocrx_word' id='word_1_105' title='bbox 916 2055 1009 2143; x_wconf 78' lang='lat' dir='ltr'>esset,</span> <span class='ocrx_word' id='word_1_106' title='bbox 1029 2062 1173 2159; x_wconf 71' lang='lat' dir='ltr'>neques</span> 
     </span>
     <span class='ocr_line' id='line_1_15' title="bbox 160 2162 1174 2265; baseline -0.002 -30"><span class='ocrx_word' id='word_1_107' title='bbox 160 2169 243 2253; x_wconf 77' lang='lat' dir='ltr'>pirae</span> <span class='ocrx_word' id='word_1_108' title='bbox 255 2167 391 2265; x_wconf 86' lang='lat' dir='ltr'>negotiis</span> <span class='ocrx_word' id='word_1_109' title='bbox 408 2184 439 2237; x_wconf 86' lang='lat' dir='ltr'>et</span> <span class='ocrx_word' id='word_1_110' title='bbox 452 2162 561 2237; x_wconf 88' lang='lat' dir='ltr'>lludiis</span> <span class='ocrx_word' id='word_1_111' title='bbox 573 2169 727 2240; x_wconf 87' lang='lat' dir='ltr'>homines</span> <span class='ocrx_word' id='word_1_112' title='bbox 741 2164 934 2254; x_wconf 86' lang='lat' dir='ltr'>auocabant,</span> <span class='ocrx_word' id='word_1_113' title='bbox 954 2183 985 2236; x_wconf 84' lang='lat' dir='ltr'>ct</span> <span class='ocrx_word' id='word_1_114' title='bbox 998 2168 1092 2235; x_wconf 84' lang='lat' dir='ltr'>voice</span> <span class='ocrx_word' id='word_1_115' title='bbox 1104 2167 1174 2261; x_wconf 81' lang='lat' dir='ltr'>pie·</span> 
     </span>
     <span class='ocr_line' id='line_1_16' title="bbox 159 2263 1174 2365; baseline -0.002 -25"><span class='ocrx_word' id='word_1_116' title='bbox 159 2274 229 2356; x_wconf 79' lang='lat' dir='ltr'>totis</span> <span class='ocrx_word' id='word_1_117' title='bbox 248 2268 357 2343; x_wconf 88' lang='lat' dir='ltr'>officia</span> <span class='ocrx_word' id='word_1_118' title='bbox 378 2265 540 2342; x_wconf 84' lang='lat' dir='ltr'>exsoluere</span> <span class='ocrx_word' id='word_1_119' title='bbox 560 2270 718 2343; x_wconf 89' lang='lat' dir='ltr'>iubebant.</span> <span class='ocrx_word' id='word_1_120' title='bbox 771 2272 864 2341; x_wconf 89' lang='lat' dir='ltr'>Haec</span> <span class='ocrx_word' id='word_1_121' title='bbox 885 2293 980 2354; x_wconf 84' lang='lat' dir='ltr'>veto,</span> <span class='ocrx_word' id='word_1_122' title='bbox 1001 2292 1081 2365; x_wconf 86' lang='lat' dir='ltr'>gens</span> <span class='ocrx_word' id='word_1_123' title='bbox 1100 2263 1174 2338; x_wconf 85' lang='lat' dir='ltr'>line</span> 
     </span>
     <span class='ocr_line' id='line_1_17' title="bbox 160 2366 1197 2474; baseline -0.004 -28"><span class='ocrx_word' id='word_1_124' title='bbox 160 2369 260 2446; x_wconf 87' lang='lat' dir='ltr'>dubio</span> <span class='ocrx_word' id='word_1_125' title='bbox 276 2369 375 2445; x_wconf 82' lang='lat' dir='ltr'>delira</span> <span class='ocrx_word' id='word_1_126' title='bbox 391 2393 422 2446; x_wconf 91' lang='lat' dir='ltr'>et</span> <span class='ocrx_word' id='word_1_127' title='bbox 436 2379 559 2447; x_wconf 88' lang='lat' dir='ltr'>ratione</span> <span class='ocrx_word' id='word_1_128' title='bbox 572 2396 671 2474; x_wconf 81' lang='lat' dir='ltr'>capta,</span> <span class='ocrx_word' id='word_1_129' title='bbox 681 2377 799 2463; x_wconf 63' lang='lat' dir='ltr'>,otium</span> <span class='ocrx_word' id='word_1_130' title='bbox 813 2393 844 2446; x_wconf 93' lang='lat' dir='ltr'>et</span> <span class='ocrx_word' id='word_1_131' title='bbox 857 2366 1075 2455; x_wconf 76' lang='lat' dir='ltr'>cessationem,</span> <span class='ocrx_word' id='word_1_132' title='bbox 1089 2393 1173 2443; x_wconf 86' lang='lat' dir='ltr'>tarn·</span> <span class='ocrx_word' id='word_1_133' title='bbox 1190 2406 1197 2443; x_wconf 94' lang='lat'>·.</span> 
     </span>
     <span class='ocr_line' id='line_1_18' title="bbox 159 2462 1174 2579; baseline -0.006 -30"><span class='ocrx_word' id='word_1_134' title='bbox 159 2505 259 2578; x_wconf 83' lang='lat' dir='ltr'>quam</span> <span class='ocrx_word' id='word_1_135' title='bbox 281 2503 351 2574; x_wconf 77' lang='lat' dir='ltr'>rem</span> <span class='ocrx_word' id='word_1_136' title='bbox 373 2462 465 2549; x_wconf 81' lang='lat' dir='ltr'>valde</span> <span class='ocrx_word' id='word_1_137' title='bbox 479 2483 514 2550; x_wconf 89' lang='lat' dir='ltr'>iis</span> <span class='ocrx_word' id='word_1_138' title='bbox 528 2475 753 2561; x_wconf 80' lang='lat' dir='ltr'>necessariam,</span> <span class='ocrx_word' id='word_1_139' title='bbox 780 2484 833 2579; x_wconf 90' lang='lat' dir='ltr'>qui</span> <span class='ocrx_word' id='word_1_140' title='bbox 851 2479 923 2548; x_wconf 89' lang='lat' dir='ltr'>Deo</span> <span class='ocrx_word' id='word_1_141' title='bbox 936 2480 1090 2574; x_wconf 82' lang='lat' dir='ltr'>coniungi</span> <span class='ocrx_word' id='word_1_142' title='bbox 1105 2473 1174 2547; x_wconf 75' lang='lat' dir='ltr'>vel·</span> 
     </span>
     <span class='ocr_line' id='line_1_19' title="bbox 158 2575 1173 2682; baseline -0.006 -26"><span class='ocrx_word' id='word_1_143' title='bbox 158 2579 245 2675; x_wconf 77' lang='lat' dir='ltr'>leot,</span> <span class='ocrx_word' id='word_1_144' title='bbox 271 2578 538 2665; x_wconf 83' lang='lat' dir='ltr'>commendabat,</span> <span class='ocrx_word' id='word_1_145' title='bbox 556 2603 649 2682; x_wconf 87' lang='lat' dir='ltr'>atque</span> <span class='ocrx_word' id='word_1_146' title='bbox 666 2580 849 2654; x_wconf 90' lang='lat' dir='ltr'>diuinanrrn</span> <span class='ocrx_word' id='word_1_147' title='bbox 865 2606 975 2652; x_wconf 89' lang='lat' dir='ltr'>rerum</span> <span class='ocrx_word' id='word_1_148' title='bbox 987 2575 1173 2652; x_wconf 80' lang='lat' dir='ltr'>meditatio·</span> 
     </span>
     <span class='ocr_line' id='line_1_20' title="bbox 154 2683 1183 2786; baseline -0.004 -28"><span class='ocrx_word' id='word_1_149' title='bbox 154 2691 195 2768; x_wconf 75' lang='lat' dir='ltr'>ui</span> <span class='ocrx_word' id='word_1_150' title='bbox 209 2704 241 2758; x_wconf 91' lang='lat' dir='ltr'>et</span> <span class='ocrx_word' id='word_1_151' title='bbox 253 2686 398 2786; x_wconf 77' lang='lat' dir='ltr'>precibus</span> <span class='ocrx_word' id='word_1_152' title='bbox 414 2705 519 2760; x_wconf 85' lang='lat' dir='ltr'>toturn</span> <span class='ocrx_word' id='word_1_153' title='bbox 534 2691 614 2759; x_wconf 85' lang='lat' dir='ltr'>vitae</span> <span class='ocrx_word' id='word_1_154' title='bbox 626 2708 753 2786; x_wconf 87' lang='lat' dir='ltr'>tempus</span> <span class='ocrx_word' id='word_1_155' title='bbox 766 2683 834 2758; x_wconf 91' lang='lat' dir='ltr'>dari</span> <span class='ocrx_word' id='word_1_156' title='bbox 850 2683 993 2758; x_wconf 84' lang='lat' dir='ltr'>volebat:</span> <span class='ocrx_word' id='word_1_157' title='bbox 1015 2690 1068 2755; x_wconf 88' lang='lat' dir='ltr'>cui</span> <span class='ocrx_word' id='word_1_158' title='bbox 1081 2690 1183 2783; x_wconf 67' lang='lat' dir='ltr'>praei</span> 
     </span>
     <span class='ocr_line' id='line_1_21' title="bbox 160 2784 1174 2891; baseline -0.008 -25"><span class='ocrx_word' id='word_1_159' title='bbox 160 2811 256 2889; x_wconf 87' lang='lat' dir='ltr'>cepto</span> <span class='ocrx_word' id='word_1_160' title='bbox 276 2795 377 2891; x_wconf 81' lang='lat' dir='ltr'>quum</span> <span class='ocrx_word' id='word_1_161' title='bbox 400 2790 497 2865; x_wconf 89' lang='lat' dir='ltr'>multi</span> <span class='ocrx_word' id='word_1_162' title='bbox 515 2785 728 2864; x_wconf 80' lang='lat' dir='ltr'>formidinem</span> <span class='ocrx_word' id='word_1_163' title='bbox 744 2784 842 2862; x_wconf 84' lang='lat' dir='ltr'>samis</span> <span class='ocrx_word' id='word_1_164' title='bbox 854 2809 885 2861; x_wconf 92' lang='lat' dir='ltr'>et</span> <span class='ocrx_word' id='word_1_165' title='bbox 899 2792 1049 2887; x_wconf 90' lang='lat' dir='ltr'>penuriae</span> <span class='ocrx_word' id='word_1_166' title='bbox 1063 2812 1174 2889; x_wconf 83' lang='lat' dir='ltr'>oppo-</span> 
     </span>
     <span class='ocr_line' id='line_1_22' title="bbox 159 2887 1174 2995; baseline -0.001 -28"><span class='ocrx_word' id='word_1_167' title='bbox 159 2914 289 2979; x_wconf 84' lang='lat' dir='ltr'>nerent,</span> <span class='ocrx_word' id='word_1_168' title='bbox 311 2898 554 2995; x_wconf 83' lang='lat' dir='ltr'>promittebant,</span> <span class='ocrx_word' id='word_1_169' title='bbox 577 2891 662 2980; x_wconf 81' lang='lat' dir='ltr'>sore,</span> <span class='ocrx_word' id='word_1_170' title='bbox 684 2916 718 2968; x_wconf 88' lang='lat' dir='ltr'>vt</span> <span class='ocrx_word' id='word_1_171' title='bbox 737 2899 806 2991; x_wconf 80' lang='lat' dir='ltr'>agri</span> <span class='ocrx_word' id='word_1_172' title='bbox 825 2896 865 2967; x_wconf 78' lang='lat' dir='ltr'>sb</span> <span class='ocrx_word' id='word_1_173' title='bbox 885 2889 954 2993; x_wconf 87' lang='lat' dir='ltr'>ipso</span> <span class='ocrx_word' id='word_1_174' title='bbox 972 2896 1045 2966; x_wconf 83' lang='lat' dir='ltr'>Deo</span> <span class='ocrx_word' id='word_1_175' title='bbox 1059 2887 1174 2966; x_wconf 82' lang='lat' dir='ltr'>securr-</span> 
     </span>
     <span class='ocr_line' id='line_1_23' title="bbox 159 2994 1201 3101; baseline -0.005 -28"><span class='ocrx_word' id='word_1_176' title='bbox 159 2998 325 3084; x_wconf 81' lang='lat' dir='ltr'>darentur,</span> <span class='ocrx_word' id='word_1_177' title='bbox 356 2999 487 3101; x_wconf 84' lang='lat' dir='ltr'>plusque</span> <span class='ocrx_word' id='word_1_178' title='bbox 515 2995 682 3076; x_wconf 67' lang='lat' dir='ltr'>srudluum</span> <span class='ocrx_word' id='word_1_179' title='bbox 704 2995 818 3098; x_wconf 86' lang='lat' dir='ltr'>sponte</span> <span class='ocrx_word' id='word_1_180' title='bbox 836 2996 1025 3071; x_wconf 88' lang='lat' dir='ltr'>hominibus</span> <span class='ocrx_word' id='word_1_181' title='bbox 1047 2994 1174 3071; x_wconf 79' lang='lat' dir='ltr'>sffidue</span> <span class='ocrx_word' id='word_1_182' title='bbox 1199 3005 1201 3010; x_wconf 81' lang='grc'><strong>’</strong></span> 
     </span>
     <span class='ocr_line' id='line_1_24' title="bbox 159 3097 1174 3280; baseline -0.005 -101"><span class='ocrx_word' id='word_1_183' title='bbox 159 3108 268 3179; x_wconf 85' lang='lat' dir='ltr'>Deum</span> <span class='ocrx_word' id='word_1_184' title='bbox 282 3100 521 3203; x_wconf 68' lang='lat' dir='ltr'>deprecantibus</span> <span class='ocrx_word' id='word_1_185' title='bbox 535 3101 672 3190; x_wconf 88' lang='lat' dir='ltr'>sertcnt,</span> <span class='ocrx_word' id='word_1_186' title='bbox 692 3130 792 3280; x_wconf 67' lang='lat' dir='ltr'>ppsm</span> <span class='ocrx_word' id='word_1_187' title='bbox 805 3097 1057 3175; x_wconf 69' lang='lat' dir='ltr'>laboriosissimis</span> <span class='ocrx_word' id='word_1_188' title='bbox 1068 3100 1174 3174; x_wconf 86' lang='lat' dir='ltr'>culto·</span> 
     </span>
     <span class='ocr_line' id='line_1_25' title="bbox 159 3200 1174 3290; baseline -0.009 -6"><span class='ocrx_word' id='word_1_189' title='bbox 159 3210 243 3284; x_wconf 82' lang='lat' dir='ltr'>tibus</span> <span class='ocrx_word' id='word_1_190' title='bbox 258 3205 319 3282; x_wconf 87' lang='lat' dir='ltr'>suis</span> <span class='ocrx_word' id='word_1_191' title='bbox 334 3206 466 3282; x_wconf 86' lang='lat' dir='ltr'>reddere</span> <span class='ocrx_word' id='word_1_192' title='bbox 480 3204 625 3282; x_wconf 83' lang='lat' dir='ltr'>solerent</span> <span class='ocrx_word' id='word_1_193' title='bbox 670 3211 698 3280; x_wconf 85' lang='lat' dir='ltr'><strong>E</strong></span> <span class='ocrx_word' id='word_1_194' title='bbox 739 3213 773 3280; x_wconf 92' lang='lat' dir='ltr'>in</span> <span class='ocrx_word' id='word_1_195' title='bbox 788 3210 838 3280; x_wconf 88' lang='lat' dir='ltr'>his</span> <span class='ocrx_word' id='word_1_196' title='bbox 850 3226 974 3278; x_wconf 88' lang='lat' dir='ltr'>tantum</span> <span class='ocrx_word' id='word_1_197' title='bbox 989 3200 1174 3290; x_wconf 81' lang='lat' dir='ltr'>vecordiae,</span> 
     </span>
     <span class='ocr_line' id='line_1_26' title="bbox 159 3307 1173 3411; baseline -0.001 -25"><span class='ocrx_word' id='word_1_198' title='bbox 159 3333 194 3386; x_wconf 85' lang='lat' dir='ltr'>vt</span> <span class='ocrx_word' id='word_1_199' title='bbox 215 3318 269 3386; x_wconf 78' lang='lat' dir='ltr'>vix</span> <span class='ocrx_word' id='word_1_200' title='bbox 291 3308 452 3396; x_wconf 82' lang='lat' dir='ltr'>dubitem,</span> <span class='ocrx_word' id='word_1_201' title='bbox 485 3307 557 3383; x_wconf 88' lang='lat' dir='ltr'>sore</span> <span class='ocrx_word' id='word_1_202' title='bbox 577 3311 710 3397; x_wconf 86' lang='lat' dir='ltr'>multos,</span> <span class='ocrx_word' id='word_1_203' title='bbox 736 3316 791 3411; x_wconf 93' lang='lat' dir='ltr'>qui</span> <span class='ocrx_word' id='word_1_204' title='bbox 813 3309 1173 3386; x_wconf 79' lang='lat' dir='ltr'>GVILIELMVM</span> 
     </span>
     <span class='ocr_line' id='line_1_27' title="bbox 159 3409 1173 3511; baseline -0.004 -21"><span class='ocrx_word' id='word_1_205' title='bbox 159 3412 307 3490; x_wconf 84' lang='lat' dir='ltr'>sabularn</span> <span class='ocrx_word' id='word_1_206' title='bbox 329 3440 455 3488; x_wconf 86' lang='lat' dir='ltr'>narrare</span> <span class='ocrx_word' id='word_1_207' title='bbox 477 3412 635 3502; x_wconf 86' lang='lat' dir='ltr'>iudicent,</span> <span class='ocrx_word' id='word_1_208' title='bbox 660 3436 714 3489; x_wconf 87' lang='lat' dir='ltr'>aut</span> <span class='ocrx_word' id='word_1_209' title='bbox 737 3409 808 3490; x_wconf 85' lang='lat' dir='ltr'>sse</span> <span class='ocrx_word' id='word_1_210' title='bbox 828 3419 1011 3497; x_wconf 87' lang='lat' dir='ltr'>inuentam,</span> <span class='ocrx_word' id='word_1_211' title='bbox 1037 3431 1071 3484; x_wconf 84' lang='lat' dir='ltr'>vt</span> <span class='ocrx_word' id='word_1_212' title='bbox 1085 3418 1173 3511; x_wconf 87' lang='lat' dir='ltr'>peri·</span> 
     </span>
     <span class='ocr_line' id='line_1_28' title="bbox 160 3516 1175 3621; baseline -0.002 -28"><span class='ocrx_word' id='word_1_213' title='bbox 160 3519 225 3593; x_wconf 88' lang='lat' dir='ltr'>culi</span> <span class='ocrx_word' id='word_1_214' title='bbox 240 3516 384 3592; x_wconf 73' lang='lat' dir='ltr'>asarrdlis</span> <span class='ocrx_word' id='word_1_215' title='bbox 398 3517 554 3592; x_wconf 88' lang='lat' dir='ltr'>mendicis</span> <span class='ocrx_word' id='word_1_216' title='bbox 567 3526 613 3593; x_wconf 91' lang='lat' dir='ltr'>tei</span> <span class='ocrx_word' id='word_1_217' title='bbox 630 3518 776 3621; x_wconf 86' lang='lat' dir='ltr'>publicae</span> <span class='ocrx_word' id='word_1_218' title='bbox 790 3522 992 3593; x_wconf 87' lang='lat' dir='ltr'>imminentis</span> <span class='ocrx_word' id='word_1_219' title='bbox 1007 3522 1175 3617; x_wconf 64' lang='lat' dir='ltr'>magnius*</span> 
     </span>
     <span class='ocr_line' id='line_1_29' title="bbox 117 3607 1176 3723; baseline 0.001 -27"><span class='ocrx_word' id='word_1_220' title='bbox 117 3607 124 3634; x_wconf 63' lang='grc'><em>’</em></span> <span class='ocrx_word' id='word_1_221' title='bbox 159 3621 271 3696; x_wconf 89' lang='lat' dir='ltr'>dinem</span> <span class='ocrx_word' id='word_1_222' title='bbox 287 3644 498 3723; x_wconf 78' lang='lat' dir='ltr'>exaggeraret,</span> <span class='ocrx_word' id='word_1_223' title='bbox 520 3644 573 3696; x_wconf 91' lang='lat' dir='ltr'>aut</span> <span class='ocrx_word' id='word_1_224' title='bbox 588 3647 708 3698; x_wconf 87' lang='lat' dir='ltr'>temere</span> <span class='ocrx_word' id='word_1_225' title='bbox 720 3647 751 3696; x_wconf 91' lang='lat' dir='ltr'>et</span> <span class='ocrx_word' id='word_1_226' title='bbox 765 3627 895 3721; x_wconf 83' lang='lat' dir='ltr'>turpiter</span> <span class='ocrx_word' id='word_1_227' title='bbox 906 3618 1072 3693; x_wconf 84' lang='lat' dir='ltr'>creditam.</span> <span class='ocrx_word' id='word_1_228' title='bbox 1103 3618 1176 3697; x_wconf 82' lang='lat' dir='ltr'>Sed</span> 
     </span>
     <span class='ocr_line' id='line_1_30' title="bbox 161 3721 1174 3828; baseline -0.006 -28"><span class='ocrx_word' id='word_1_229' title='bbox 161 3729 275 3828; x_wconf 83' lang='lat' dir='ltr'>quibus</span> <span class='ocrx_word' id='word_1_230' title='bbox 290 3755 337 3800; x_wconf 82' lang='lat' dir='ltr'>tes</span> <span class='ocrx_word' id='word_1_231' title='bbox 349 3747 533 3828; x_wconf 84' lang='lat' dir='ltr'>temporum</span> <span class='ocrx_word' id='word_1_232' title='bbox 550 3727 684 3802; x_wconf 87' lang='lat' dir='ltr'>illorum</span> <span class='ocrx_word' id='word_1_233' title='bbox 704 3723 885 3828; x_wconf 70' lang='lat' dir='ltr'>perspedlae</span> <span class='ocrx_word' id='word_1_234' title='bbox 904 3721 992 3810; x_wconf 89' lang='lat' dir='ltr'>sunt,</span> <span class='ocrx_word' id='word_1_235' title='bbox 1014 3723 1061 3796; x_wconf 92' lang='lat' dir='ltr'>illi</span> <span class='ocrx_word' id='word_1_236' title='bbox 1081 3724 1174 3801; x_wconf 81' lang='lat' dir='ltr'>rrilril</span> 
     </span>
     <span class='ocr_line' id='line_1_31' title="bbox 77 3823 1174 3932; baseline -0.009 -24"><span class='ocrx_word' id='word_1_237' title='bbox 77 3921 79 3926; x_wconf 23' lang='grc' dir='ltr'>Ι</span> <span class='ocrx_word' id='word_1_238' title='bbox 161 3828 284 3907; x_wconf 76' lang='lat' dir='ltr'>caussae</span> <span class='ocrx_word' id='word_1_239' title='bbox 304 3836 476 3929; x_wconf 84' lang='lat' dir='ltr'>reperient,</span> <span class='ocrx_word' id='word_1_240' title='bbox 502 3858 558 3905; x_wconf 89' lang='lat' dir='ltr'>cur</span> <span class='ocrx_word' id='word_1_241' title='bbox 577 3837 636 3905; x_wconf 85' lang='lat' dir='ltr'>viri</span> <span class='ocrx_word' id='word_1_242' title='bbox 653 3837 771 3932; x_wconf 89' lang='lat' dir='ltr'>optimi</span> <span class='ocrx_word' id='word_1_243' title='bbox 783 3827 886 3903; x_wconf 84' lang='lat' dir='ltr'>sidem</span> <span class='ocrx_word' id='word_1_244' title='bbox 900 3833 934 3901; x_wconf 91' lang='lat' dir='ltr'>in</span> <span class='ocrx_word' id='word_1_245' title='bbox 947 3823 1174 3926; x_wconf 86' lang='lat' dir='ltr'>suspicionem</span> 
     </span>
     <span class='ocr_line' id='line_1_32' title="bbox 160 3933 1175 4036; baseline -0.003 -25"><span class='ocrx_word' id='word_1_246' title='bbox 160 3957 287 4011; x_wconf 83' lang='lat' dir='ltr'>vocent.</span> <span class='ocrx_word' id='word_1_247' title='bbox 338 3937 433 4009; x_wconf 85' lang='lat' dir='ltr'>l&#39;lena</span> <span class='ocrx_word' id='word_1_248' title='bbox 447 3958 512 4018; x_wconf 84' lang='lat' dir='ltr'>etat</span> <span class='ocrx_word' id='word_1_249' title='bbox 525 3962 596 4009; x_wconf 91' lang='lat' dir='ltr'>non</span> <span class='ocrx_word' id='word_1_250' title='bbox 612 3934 666 4009; x_wconf 92' lang='lat' dir='ltr'>diu</span> <span class='ocrx_word' id='word_1_251' title='bbox 680 3933 751 4036; x_wconf 85' lang='lat' dir='ltr'>poll</span> <span class='ocrx_word' id='word_1_252' title='bbox 765 3939 829 4005; x_wconf 86' lang='lat' dir='ltr'>eius</span> <span class='ocrx_word' id='word_1_253' title='bbox 843 3952 974 4009; x_wconf 85' lang='lat' dir='ltr'>aetatem</span> <span class='ocrx_word' id='word_1_254' title='bbox 990 3936 1175 4008; x_wconf 78' lang='lat' dir='ltr'>Germania</span> 
     </span>
     <span class='ocr_line' id='line_1_33' title="bbox 159 4031 1175 4142; baseline -0.003 -28"><span class='ocrx_word' id='word_1_255' title='bbox 159 4040 365 4123; x_wconf 89' lang='lat' dir='ltr'>hominibus,</span> <span class='ocrx_word' id='word_1_256' title='bbox 389 4046 443 4141; x_wconf 89' lang='lat' dir='ltr'>qui</span> <span class='ocrx_word' id='word_1_257' title='bbox 468 4037 598 4127; x_wconf 85' lang='lat' dir='ltr'>eadem,</span> <span class='ocrx_word' id='word_1_258' title='bbox 620 4067 700 4142; x_wconf 85' lang='lat' dir='ltr'>quae</span> <span class='ocrx_word' id='word_1_259' title='bbox 721 4036 778 4111; x_wconf 88' lang='lat' dir='ltr'>ille</span> <span class='ocrx_word' id='word_1_260' title='bbox 796 4031 910 4123; x_wconf 82' lang='lat' dir='ltr'>refert,</span> <span class='ocrx_word' id='word_1_261' title='bbox 940 4056 1084 4134; x_wconf 85' lang='lat' dir='ltr'>portenta</span> <span class='ocrx_word' id='word_1_262' title='bbox 1108 4044 1175 4111; x_wconf 79' lang='lat' dir='ltr'>cir·</span> 
     </span>
     <span class='ocr_line' id='line_1_34' title="bbox 88 4140 1205 4248; baseline -0.005 -30"><span class='ocrx_word' id='word_1_263' title='bbox 88 4227 96 4248; x_wconf 27' lang='lat' dir='ltr'>x</span> <span class='ocrx_word' id='word_1_264' title='bbox 161 4141 391 4229; x_wconf 67' lang='lat' dir='ltr'>cuir-,ferebant</span> <span class='ocrx_word' id='word_1_265' title='bbox 407 4164 438 4216; x_wconf 85' lang='lat' dir='ltr'>et</span> <span class='ocrx_word' id='word_1_266' title='bbox 451 4144 597 4244; x_wconf 84' lang='lat' dir='ltr'>plurimis</span> <span class='ocrx_word' id='word_1_267' title='bbox 614 4145 688 4218; x_wconf 88' lang='lat' dir='ltr'>licet</span> <span class='ocrx_word' id='word_1_268' title='bbox 700 4141 917 4217; x_wconf 84' lang='lat' dir='ltr'>conciliorum</span> <span class='ocrx_word' id='word_1_269' title='bbox 929 4140 1070 4224; x_wconf 82' lang='lat' dir='ltr'>decretis,</span> <span class='ocrx_word' id='word_1_270' title='bbox 1084 4145 1173 4217; x_wconf 85' lang='lat' dir='ltr'>Pon·</span> <span class='ocrx_word' id='word_1_271' title='bbox 1202 4167 1205 4174; x_wconf 91' lang='lat'>·</span> 
     </span>
     <span class='ocr_line' id='line_1_35' title="bbox 160 4241 1173 4349; baseline -0.001 -27"><span class='ocrx_word' id='word_1_272' title='bbox 160 4248 347 4349; x_wconf 74' lang='lat' dir='ltr'>tilicuntque</span> <span class='ocrx_word' id='word_1_273' title='bbox 361 4247 498 4346; x_wconf 86' lang='lat' dir='ltr'>legibus,</span> <span class='ocrx_word' id='word_1_274' title='bbox 520 4255 634 4348; x_wconf 86' lang='lat' dir='ltr'>poenis</span> <span class='ocrx_word' id='word_1_275' title='bbox 649 4254 745 4321; x_wconf 90' lang='lat' dir='ltr'>etiarn</span> <span class='ocrx_word' id='word_1_276' title='bbox 763 4266 829 4317; x_wconf 87' lang='lat' dir='ltr'>tam</span> <span class='ocrx_word' id='word_1_277' title='bbox 847 4241 948 4334; x_wconf 86' lang='lat' dir='ltr'>sacris,</span> <span class='ocrx_word' id='word_1_278' title='bbox 974 4270 1071 4345; x_wconf 89' lang='lat' dir='ltr'>quarn</span> <span class='ocrx_word' id='word_1_279' title='bbox 1088 4251 1173 4320; x_wconf 91' lang='lat' dir='ltr'>ciui·</span> 
     </span>
     <span class='ocr_line' id='line_1_36' title="bbox 117 4342 1174 4457; baseline -0.001 -29"><span class='ocrx_word' id='word_1_280' title='bbox 117 4437 124 4452; x_wconf 62' lang='lat'><em>„</em></span> <span class='ocrx_word' id='word_1_281' title='bbox 160 4354 259 4446; x_wconf 83' lang='lat' dir='ltr'>libus,</span> <span class='ocrx_word' id='word_1_282' title='bbox 292 4373 529 4457; x_wconf 81' lang='lat' dir='ltr'>coercerentur,</span> <span class='ocrx_word' id='word_1_283' title='bbox 561 4349 811 4456; x_wconf 74' lang='lat' dir='ltr'>pertinaciffims</span> <span class='ocrx_word' id='word_1_284' title='bbox 839 4369 946 4424; x_wconf 80' lang='lat' dir='ltr'>tamen</span> <span class='ocrx_word' id='word_1_285' title='bbox 971 4342 1174 4427; x_wconf 67' lang='lat' dir='ltr'>conradere</span> 
     </span>
    </p>
   </div>
   <div class='ocr_carea' id='block_1_5' title="bbox 1096 4480 1172 4559">
    <p class='ocr_par' dir='ltr' id='par_1_5' title="bbox 1096 4480 1172 4559">
     <span class='ocr_line' id='line_1_37' title="bbox 1096 4480 1172 4559; baseline 0 -37"><span class='ocrx_word' id='word_1_286' title='bbox 1096 4480 1172 4559; x_wconf 65' lang='lat' dir='ltr'>p,</span> 
     </span>
    </p>
   </div>
   <div class='ocr_carea' id='block_1_6' title="bbox 0 0 1430 5475">
    <p class='ocr_par' dir='ltr' id='par_1_6' title="bbox 0 0 1430 5475">
     <span class='ocr_line' id='line_1_38' title="bbox 0 0 1430 5475; baseline 0 0"><span class='ocrx_word' id='word_1_287' title='bbox 0 0 1430 5475; x_wconf 95' lang='lat' dir='ltr'> </span> 
     </span>
    </p>
   </div>
  </div>
 </body>
</html>
