2850 5475
185 758 195 779 ι
296 600 362 750 4'72
443 654 626 745 captur·
663 578 1160 749 nonensem
1260 650 1264 661 ·

296 837 460 915 aliusnon
479 826 663 919 diffiteatur,
701 832 888 931 {legiardos
907 829 1057 905 liluelires
1077 825 1205 916 otiose,
1234 843 1305 933 pru·

218 956 221 961 '
296 936 405 1015 candui
427 959 458 1011 et
486 934 756 1035 contemplando,
780 939 822 1008 nti
849 936 979 1035 quidem
1011 935 1181 1019 dicebant,
1204 941 1304 1016 viram

297 1037 494 1143 transegisse,
515 1033 761 1140 Regiorditque
773 1040 895 1113 urbanis
913 1044 1125 1112 morientium
1147 1061 1181 1112 et
1196 1066 1303 1141 aegro·

296 1167 405 1219 torum
427 1168 536 1216 curam
559 1138 726 1243 reliquilse.
788 1148 918 1242 Magnis
940 1149 1082 1216 omnino
1106 1150 1255 1243 panonis
1273 1165 1302 1221 et

204 1240 210 1253 ’
243 1247 471 1325 *fauoribus
500 1249 662 1320 utebantur
692 1245 800 1321 fratres
831 1250 1003 1330 Alexiasi,
1033 1243 1086 1320 seu
1117 1250 1302 1329 Leibards',

296 1377 377 1455 quor
393 1354 527 1424 urbanos
545 1353 737 1450 Brglsnrdos
757 1353 900 1424 Felix
924 1353 1030 1424 noller
1050 1351 1218 1450 appellat3
1247 1379 1303 1426 nes

296 1455 422 1556 indigni
437 1452 673 1555 prorsusersnt
693 1455 755 1525 hac
779 1453 1020 1539 beneuolentia,
1049 1481 1089 1535 ea
1114 1452 1303 1552 praesertim

295 1578 414 1650 aetate,
439 1584 501 1660 qua
520 1563 667 1659 perpauci
683 1578 787 1642 erant,
811 1563 864 1657 qui
882 1556 1143 1632 decumbentibus
1158 1580 1192 1632 et
1207 1565 1304 1633 morti

142 1664 146 1673 ’
298 1669 409 1739 vicinis
433 1660 560 1746 officia,
588 1682 727 1761 quorum
758 1658 957 1760 indigebant,
984 1662 1140 1762 praeliare
1170 1663 1304 1737 vellent:

296 1788 410 1844 serum
428 1771 519 1838 ceteri
536 1768 715 1864 Brgbards',
735 1771 788 1864 qui
804 1772 923 1837 remoti
938 1764 978 1837 ab
997 1766 1124 1839 vrbibus
1144 1786 1181 1838 et
1203 1771 1239 1839 in
1258 1764 1306 1840 su·

296 1878 345 1948 vis
361 1870 533 1971 degebant,
558 1889 680 1942 tantum
696 1869 796 1950 abeli,
823 1889 856 1942 vt
871 1874 930 1942 viri
945 1870 1020 1942 boni
1037 1890 1068 1966 et
1087 1875 1134 1943 rei
1150 1871 1305 1969 publicae

260 1994 280 2019 ’·
297 1975 399 2059 vtiles,
420 1978 494 2046 viris
510 1972 703 2072 principibus
719 1970 913 2056 viderentur,
933 1995 966 2046 vt
979 1972 1083 2073 potius
1097 1978 1185 2047 inter
1199 1979 1306 2048 ciuita-

295 2099 367 2153 tum
378 2099 490 2160 onera,
503 2094 534 2148 e't
549 2076 744 2174 populorum
757 2077 957 2161 calamitates,
973 2077 1224 2151 collocarentur.
1257 2085 1307 2151 ln·

296 2204 344 2256 rer
362 2179 611 2278 Brglsnrdorum
626 2176 763 2252 fautores
780 2207 847 2253 nnn
868 2181 1021 2280 postremi
1033 2200 1123 2253 erant
1138 2184 1308 2256 Monachi

232 2310 238 2327 ¹
296 2283 530 2366 mendicantes,
556 2289 698 2355 maxime
722 2284 945 2380 Francisruai,
965 2303 1048 2358 'cunr
1068 2285 1184 2384 quibus
1206 2280 1308 2358 socie·

296 2409 393 2461 tatem
408 2384 656 2483 quodammodo
672 2393 849 2472 coinerant,
878 2394 1004 2462 tertiam
1019 2414 1135 2463 eorum
1151 2389 1307 2487 regulam

297 2486 515 2591 suscipiendo,
543 2486 629 2587 quod
656 2487 746 2588 saepe
769 2497 833 2562 iant
855 2489 1001 2565 vidimus.
1063 2495 1159 2563 Hanc
1184 2498 1307 2564 amici.

199 2644 202 2651 ·
298 2600 377 2670 tiam
400 2599 576 2692 aegerrime
596 2582 713 2664 ferebat
733 2596 881 2666 FELIX
901 2596 1024 2677 noller,
1044 2592 1123 2695 quod
1137 2594 1304 2692 intellige.

298 2696 367 2783 bat,
388 2694 489 2771 saluos
505 2694 626 2769 tamdiu
640 2693 845 2795 Brglsardns,
868 2725 946 2799 quos
967 2701 1118 2774 extindios
1135 2700 1305 2797 cupiebat,

297 2800 387 2887 fore,
418 2800 571 2902 quamdiu
598 2798 880 2875 Frnnciscanorum
913 2809 1090 2901 patrocinio
1104 2800 1307 2979 1{puderent-

298 2911 347 2982 Ea
368 2931 402 2978 re
419 2912 470 2978 his
490 2900 671 3005 persuadete
691 2907 862 2990 nitebatur,
882 2906 1057 3005 plurimum
1074 2913 1107 3004 ip
1164 2933 1205 2981 ex
1221 2908 1307 3004 Beg-

297 3012 484 3083 lrardisnon
499 3006 701 3082 incommodi
719 3030 853 3092 tantum,
868 3037 978 3083 vesum
993 3011 1070 3082 nrali
1087 3008 1305 3085 etdetrimen·

297 3120 323 3187 ri
344 3118 528 3213 prouenire:
555 3139 632 3186 narn
656 3139 735 3212 quae
750 3115 928 3207 Brgirurdis
944 3116 1119 3187 tribuantur
1132 3111 1303 3201 beneficia,

297 3243 335 3290 ea
350 3213 561 3290 franciscanis
574 3222 651 3314 eripi
668 3214 932 3315 quodammodo:
958 3224 1116 3317 ingratam
1140 3240 1304 3318 praeterea

87 3351 94 3370 ’
154 3329 157 3334 ’
296 3315 414 3396 sertam
438 3323 524 3391 male
542 3317 583 3390 de
603 3316 775 3392 fautoribus
798 3342 829 3391 er
850 3326 961 3392 amicis
985 3318 1044 3393 suis
1066 3324 1159 3422 loqui
1183 3321 1304 3396 solere:

168 3504 173 3510 ,
298 3427 354 3498 rra
365 3424 445 3519 suos
456 3423 612 3518 fautores
634 3437 663 3493 rt
678 3428 813 3493 maxime
824 3423 988 3522 religiofin
999 3430 1221 3499 mendicantes
1237 3451 1301 3497 aaa

296 3539 424 3599 tentum
438 3530 555 3621 linguis
568 3529 772 3605 detrudendo,
779 3528 840 3621 sed
851 3526 1067 3625 eletensijnes,
1080 3534 1158 3624 ipsis
1172 3535 1213 3601 de
1232 3536 1300 3601 iare

294 3632 429 3708 debitas,
435 3622 655 3720 subtrahendo
668 3634 843 3700 moliuntur
855 3632 1054 3727 defraudare,
1067 3638 1146 3727 qnia
1155 3639 1300 3727 plerum·

294 3755 371 3830 qur,
391 3744 547 3825 quaerum
565 3731 637 3830 ipſsr
656 3734 874 3830 dispergitur,
899 3751 1029 3808 tantun
1049 3737 1120 3836 ipſse
1135 3738 1299 3835 religios&

271 3841 332 3908 .r’n
348 3834 421 3932 fisis
448 3833 541 3904 donis
566 3837 715 3904 drbmdis
736 3856 916 3912 euarestus.
985 3840 1091 3912 dliute
1113 3836 1204 3913 satis:
1239 3867 1300 3914 nec

294 3946 383 4013 enim
401 3944 494 4037 inops
510 3957 574 4008 erat
588 3936 693 4009 noller
709 3942 847 4039 ingenii:
872 3967 1000 4026 verum,
1020 3964 1053 4016 vt
1065 3949 1207 4043 opinor,
1232 3941 1299 4018 stu·

293 4041 361 4116 tim
414 4046 492 4115 Nou
505 4063 569 4113 tam
585 4044 709 4115 hebetes
723 4067 812 4116 erant
829 4039 936 4117 fratres
950 4047 1193 4136 Mendirantes,
1217 4058 1297 4149 quin

292 4139 516 4247 perspicerent,
545 4171 616 4217 rem
636 4142 724 4219 suam
749 4152 783 4218 iu
804 4173 838 4219 re
865 4152 1111 4247 regiarum
1131 4159 1209 4252 agi,
1249 4158 1295 4223 iis·

293 4245 440 4347 demque,
463 4249 574 4347 quibus
591 4250 627 4320 hi
641 4253 922 4349 oppugnabantur,
942 4260 1136 4352 argumentis
1153 4275 1188 4329 et
1202 4264 1296 4339 tatio·

139 4349 143 4360 '
289 4350 382 4424 nibus
396 4369 495 4422 totam
512 4351 766 4426 mendicantium
780 4357 904 4427 turbam
922 4357 1106 4433 commodis
1121 4356 1183 4431 suis
1197 4365 1296 4433 eueni

188 4521 194 4534 .
291 4448 445 4529 etdeiirui
456 4449 557 4555 polis.
606 4456 659 4530 ud
675 4467 867 4556 ernanum,
881 4459 1009 4562 puisat
1022 4470 1148 4563 generis
1159 4468 1297 4539 hanni·

1168 4591 1294 4648 Mum
