2850 5475
202 618 267 701 ne
308 616 439 703 rann.
485 620 1114 719 vennone-„mmm-
1220 578 1234 609 ”

205 816 309 871 vetera
324 794 773 882 testamenta,abbNTON.
788 794 1211 879 nmmum-lib

108 986 114 993 ·
205 896 643 1089 lifflsslilsslilf'i?
656 900 1212 1089 liddam&

208 1128 268 1191 tet,
289 1106 475 1196 laborando,
497 1112 628 1212 aliique
648 1112 765 1185 officiis
787 1104 980 1209 praestandis
1005 1106 1212 1209 indigentiam

208 1236 313 1283 arcere
333 1240 402 1286 oon
423 1235 587 1313 poterant,
614 1238 676 1288 eta
694 1218 837 1313 cognatis
850 1232 945 1313 etque
958 1217 1083 1287 amicir
1098 1212 1213 1285 relidat

208 1338 315 1400 erant,
339 1318 400 1391 illie
423 1314 569 1393 sororum
594 1326 688 1418 pietas
704 1317 852 1393 solatium
866 1338 897 1389 et
910 1315 1104 1401 auxilium,
1126 1316 1213 1417 publi·

210 1446 286 1489 curn
309 1448 403 1503 vero,
424 1422 509 1523 quod
535 1424 736 1517 infirmorum
759 1420 937 1505 dicebatur,
967 1426 1138 1495 aerarium
1161 1442 1214 1491 tao

211 1542 291 1605 turn,
312 1548 463 1621 quantum
482 1528 521 1599 ad
542 1534 640 1601 vitam
663 1524 864 1601 tolerandam
884 1550 1074 1625 corpusque
1089 1523 1214 1597 relicieu·

211 1622 291 1697 dum
304 1622 373 1701 saris
387 1653 471 1716 erat,
495 1629 719 1730 suppeditabat.
770 1634 863 1711 Tot.
889 1650 1048 1729 nanque
1068 1630 1216 1727 Begerra

210 1752 282 1800 nrm
304 1733 544 1815 emolumenta,
568 1733 706 1817 fredus.
736 1738 896 1833 praemia,
921 1738 1052 1807 eriora
1073 1738 1214 1832 cogllmi

210 1831 316 1917 baud,
339 1833 416 1919 scio,
437 1837 529 1912 valde
544 1842 721 1923 mirabitur,
745 1840 830 1911 breui
847 1858 997 1931 ternpore
1013 1834 1217 1937 amplill'um

212 1960 322 2007 earum
349 1935 487 2013 farriiliar
511 1938 677 2028 coaluiss'e,
708 1968 768 2015 nee
794 1967 871 2013 cum
896 1938 1216 2015 ΜΛΤΤΗΑΕΟ

212 2038 363 2113 rents
384 2044 540 2117 infinitam
558 2046 730 2119 mulierum
747 2049 839 2119 lruitn
851 2047 976 2143 generis
994 2048 1136 2145 copiam
1152 2048 1216 2115 iuter

213 2134 328 2214 saeculi
343 2144 487 2246 prodigia
503 2146 628 2221 referet.
675 2146 727 2221 Ad
742 2169 919 2221 extremum
936 2168 1151 2247 tempomm,
1164 2148 1218 2246 qui·

216 2240 274 2315 bur
289 2265 449 2348 tantopere
471 2254 685 2347 Brgnirrarum
702 2250 879 2326 sodalitates
894 2252 1008 2324 uuna·
1026 2248 1116 2339 suut,
1139 2256 1217 2323 retio-

214 2358 401 2427 ueterrimo
420 2362 569 2455 repetenti
592 2356 653 2429 alia
674 2352 827 2429 succurrit
849 2374 977 2430 euenttu
998 2358 1105 2429 huius
1119 2348 1219 2433 unffi·

215 2450 467 2555 eademqueuon
484 2460 607 2543 infimi,
633 2467 675 2532 uti
691 2461 841 2544 arbitror,
868 2464 1046 2533 momenti.
1104 2464 1220 2558 Magno

215 2556 251 2625 io
267 2560 407 2652 periculo
421 2566 481 2635 hac
496 2584 594 2635 aetate
608 2562 807 2636 versabantur
819 2568 984 2661 virginum
999 2584 1036 2635 et
1055 2562 1218 2637 viduatum

216 2658 387 2736 mediocris
407 2688 439 2740 et
459 2668 639 2740 humiliorir
655 2664 745 2741 lortie
759 2664 908 2769 pudicitia
922 2684 953 2738 et
966 2665 1113 2744 libertae
1165 2666 1218 2740 bli·

216 2758 297 2847 liter,
318 2764 382 2838 siue
394 2775 528 2864 equites,
551 2772 597 2842 iili
613 2769 814 2867 praesertim,
836 2779 889 2870 qui
907 2775 1054 2869 potentia
1070 2793 1103 2844 et
1117 2771 1218 2870 opibur

215 2866 377 2953 valebant,
400 2899 474 2970 quar
488 2893 648 2970 poterant,
668 2874 860 2974 plemmque
873 2871 1071 2948 inuadebant
1087 2897 1120 2948 et
1134 2871 1218 2948 riola·

216 2965 309 3046 bant:
336 3000 475 3070 quornm
499 2974 668 3050 libidinem
685 2999 718 3050 et
732 2978 936 3077 petulantiam
952 2977 1163 3075 magistratus
1175 2999 1220 3048 tu·

216 3097 323 3146 ercere
339 3076 424 3149 baud
445 3074 539 3150 facile
560 3103 721 3180 poterant,
747 3107 816 3154 nou
838 3077 964 3164 iisdem,
983 3079 1106 3177 quibu:
1120 3077 1221 3170 hodie,

215 3173 426 3252 firmamentis
441 3179 586 3255 aduersus
600 3191 668 3257 vim
684 3206 714 3256 et
728 3185 967 3283 improbitatem
983 3188 1122 3256 muniti.
1153 3183 1220 3264 Alii,

135 3319 138 3328 ·
217 3305 356 3376 quorum
379 3284 506 3356 diuitiae
525 3290 559 3357 in
582 3294 821 3386 mancipiorum
852 3313 991 3360 numero
1019 3285 1220 3388 potillimum

217 3381 336 3480 politae
348 3409 446 3470 erant,
458 3386 482 3461 li
492 3417 587 3488 quam
603 3385 788 3463 foeminam
801 3388 1038 3491 conspiciebant
1051 3395 1222 3492 integram,

170 3543 173 3548 .
219 3487 396 3572 robustam,
422 3490 627 3576 lacertosum,
655 3521 728 3565 eam
749 3514 804 3566 aut
822 3499 871 3578 vi,
899 3515 951 3566 eut
970 3491 1065 3576 dolo,
1093 3499 1223 3596 impune

103 3645 112 3654 .
218 3586 419 3691 plemrnque,
441 3596 610 3690 rapiebant,
636 3619 666 3670 et
680 3591 846 3672 semorum
864 3587 993 3671 suorum
1009 3593 1146 3670 cuidam
1162 3603 1223 3670 iuo-

219 3692 353 3790 gebant,
375 3722 440 3793 quo
463 3697 535 3794 iplit
554 3719 594 3774 ert
612 3727 646 3771 ea
669 3700 807 3776 valenter
822 3725 853 3777 et
872 3701 960 3774 fumi
974 3701 1143 3799 agricolae
1154 3725 1224 3800 pro·

220 3819 407 3872 crearentur.
439 3802 616 3900 Deplorant
631 3803 743 3902 pass'nn
759 3825 789 3877 ct
801 3805 951 3904 castigant
964 3807 1043 3876 haec
1056 3805 1225 3878 nobilium

220 3905 365 3974 virorum
380 3901 508 4002 llegitia,
528 3909 644 4008 ubique
658 3903 725 3981 fere
741 3913 774 3981 in
788 3914 916 4008 Europa
930 3913 1139 3995 communie,
1148 3905 1226 3982 scri·

103 4089 106 4094 Ι
219 4024 326 4102 ptores
339 4009 494 4080 horumet
509 4005 705 4107 sequentium
715 4031 901 4112 temporum
912 4007 1100 4114 grauillimi.
1122 4017 1228 4114 Qec·

220 4134 360 4207 cumque
380 4117 474 4208 igitur
494 4115 641 4188 mulierer
662 4121 864 4190 innocentiae
884 4136 915 4188 et
933 4114 1066 4188 libertati
1090 4110 1167 4190 suae
1188 4115 1227 4188 ab

220 4209 278 4282 illa
295 4233 457 4312 raptorum
476 4217 599 4292 licentia
612 4221 804 4305 metuebant,
817 4241 959 4293 metuere
977 4243 1052 4294 reto
1067 4215 1228 4294 debebant

218 4339 353 4402 omaer,
374 4339 427 4390 aut
442 4314 576 4393 obscuro
590 4323 665 4395 loeo
680 4345 788 4405 natae,
811 4346 864 4396 aut
877 4329 1058 4423 patrocinio
1071 4347 1228 4412 carentes,

218 4418 295 4498 illae
305 4419 347 4498 ad
363 4419 549 4514 cedebam,
571 4445 736 4536 nmquam
751 4425 793 4504 ad
811 4449 944 4533 portum
957 4425 1231 4614 ςυοιιιᾶιιιὲοιὶιι·

1144 4559 1231 4642 ”8¹⁸⁸
