2850 5475
293 714 357 796 554
651 697 818 784 Appendix
835 698 935 781 prior.

293 880 393 959 Pisani
423 877 546 953 decreta
575 878 708 948 ciuitatis
733 870 932 945 Clarislianao
955 866 1042 943 mala
1069 888 1105 944 et
1128 866 1310 945 calamitates

295 1005 445 1062 nontam
462 982 635 1062 tollebant,
661 991 758 1074 qum
775 980 949 1073 augebant3
970 996 1002 1045 et
1023 975 1121 1049 breui
1147 976 1226 1075 posi
1242 980 1311 1048 Cou·

297 1084 468 1165 siantiensrs
490 1108 589 1183 patres
607 1080 647 1152 de
668 1076 834 1177 disciplina
850 1078 1057 1177 Begstordt'ca
1073 1078 1262 1151 slatuebant
1279 1104 1312 1160 et,

298 1217 396 1293 quae,
421 1186 509 1287 quod
529 1187 754 1257 commentarii
776 1186 887 1255 audior
904 1182 1109 1255 immortalis
1128 1189 1267 1255 monuit
1277 1182 1313 1271 ³),

298 1317 465 1391 utramque
486 1298 520 1361 in
542 1308 663 1387 partem
689 1288 772 1358 trahi
799 1280 940 1385 posl'ent:
964 1280 1070 1357 valde·
1085 1284 1253 1359 credibile
1271 1284 1312 1365 el,

299 1395 462 1471 sacrorum
485 1392 686 1471 Autislitum,
709 1414 771 1488 pro
795 1393 927 1489 ingenio
948 1413 1118 1489 quemque
1141 1386 1223 1475 suo,
1248 1390 1312 1461 alin

301 1499 396 1571 duros
409 1520 440 1569 et
454 1503 625 1569 immaaea,
649 1492 729 1565 alios
746 1495 830 1567 lener
847 1511 877 1563 et
896 1494 1060 1563 humanos
1081 1518 1167 1593 erga
1188 1490 1312 1592 discipli-

300 1628 361 1674 nae
384 1602 467 1671 illius
488 1590 779 1681 seclatoressuiss'e.
831 1592 1129 1695 Qtemaclmodutn
1157 1603 1258 1699 igitur
1269 1620 1311 1669 eo·

301 1722 376 1775 rum
393 1730 460 1773 non
476 1708 580 1801 pauci,
605 1702 851 1771 Fruticelsomm
868 1703 1003 1769 nominc
1018 1698 1231 1801 plerumque
1244 1726 1310 1773 nm·

302 1810 423 1904 cupati,
448 1812 480 1876 in
500 1808 666 1905 prouincia
688 1808 838 1875 Romana
855 1800 986 1899 aliisque
1007 1798 1221 1899 supererant,
1242 1800 1310 1877 adeo

300 1929 334 1982 ut
357 1914 514 1981 Martinus
536 1918 576 1983 V.
602 1912 679 2005 reip.
702 1904 898 1978 Christianae
918 1900 1122 2002 praesedlus,
1157 1908 1235 2007 lege
1255 1932 1309 2007 per·

300 2038 398 2111 quam
421 2008 544 2095 seuera,
567 2008 654 2109 quod
674 2006 766 2107 supra
788 2011 852 2079 iam
873 2004 954 2091 dixi,
979 2033 1035 2081 eos
1054 2006 1163 2083 deleri
1182 2011 1310 2095 iubenti

299 2120 342 2185 ita
358 2108 471 2187 similis
484 2119 608 2211 geriem
623 2114 987 2183 hominesGermaniam
1003 2110 1237 2213 finitimasque
1246 2140 1309 2216 pro
1343 2158 1346 2205 ;

226 2276 230 2285 .
298 2223 419 2290 vincias
431 2214 566 2289 turbasse
582 2216 698 2287 docent
711 2213 873 2313 scriptores
888 2238 1014 2296 rerum,
1035 2240 1080 2289 eo
1098 2236 1255 2317 tempore
1266 2242 1310 2317 gt·

298 2320 417 2392 siarum
431 2324 526 2391 varii:
548 2324 625 2418 quin
646 2314 771 2392 iareim
788 2320 1118 2393 MosHEMtvs
1133 2320 1307 2403 contendit,
1344 2298 1346 2403 l

297 2426 358 2494 hos
378 2448 415 2493 ex
438 2448 478 2493 eo
498 2442 646 2521 tempore
667 2417 895 2492 secundissimis
916 2420 1031 2521 abique
1053 2418 1124 2493 sere
1142 2424 1244 2497 rebus
1278 2430 1307 2495 in
1344 2408 1346 2461 Ι

286 2520 493 2625 ’ρτουὶιιείῐε,
514 2552 590 2623 quat
610 2521 764 2607 diximus,
786 2518 848 2593 esse
867 2518 954 2607 usos,
985 2522 1146 2621 mutaque
1168 2522 1236 2599 sibi
1250 2524 1308 2597 do·

242 2648 251 2680 ¹
298 2628 420 2701 micilia
440 2649 472 2700 et
496 2634 529 2700 in
552 2626 694 2709 urbibus,
726 2648 755 2698 et
780 2631 812 2697 in
839 2632 920 2723 agria
944 2620 1125 2701 exsltuxisse.
1194 2626 1304 2729 Qod

298 2736 382 2804 mihi
402 2730 532 2831 quidem
555 2757 624 2804 oon
644 2728 815 2803 verisimile
832 2728 961 2804 videtur.
1013 2732 1141 2804 Etenim
1154 2734 1304 2834 quinque

295 2835 533 2908 MARTtNt
557 2839 596 2905 V.
617 2832 756 2918 decreta,
780 2835 818 2904 ab
831 2861 857 2906 a.
873 2829 1131 2916 MCCVlccxll,
1206 2863 1249 2908 ue
1265 2833 1305 2910 ad

294 2935 587 3020 limis
600 2934 721 3034 scripta,
741 2933 842 3036 perse
856 2933 986 3036 quidem
1002 2959 1074 3010 non
1088 2935 1151 3011 nisi
1229 2943 1305 3012 Fra·

295 3041 414 3109 sicessos
437 3037 521 3112 desso
548 3039 727 3134 Opinione,
754 3039 875 3112 ltaliam
900 3040 1136 3138 perturbantes,
1171 3049 1304 3144 pertine·

293 3141 385 3212 bant:
407 3169 443 3214 ea
458 3165 565 3214 tamen
584 3140 739 3216 Praesides
756 3165 786 3215 et
803 3140 989 3244 quaesitore
1003 3139 1168 3246 religiosi,
1186 3153 1221 3220 in
1233 3149 1301 3220 Ger·

292 3250 401 3316 mania
423 3245 529 3318 videre
554 3245 639 3331 iuffi,
664 3244 799 3346 nequid
821 3244 1003 3319 detrimenti
1023 3271 1163 3348 caperet
1186 3249 1298 3325 sidetet

289 3343 422 3420 ecclesia
438 3354 599 3431 Romana,
618 3346 713 3421 facilc
727 3354 806 3420 trahi
821 3369 966 3448 poterant
979 3347 1019 3422 ed
1033 3355 1214 3455 utriusque
1226 3353 1292 3430 scrut

169 3519 175 3548 ,
289 3453 468 3545 Beguiaos,
489 3457 609 3550 hosque
628 3452 677 3522 vel
698 3474 807 3525 contra
831 3457 986 3552 Gregorii,
1003 3455 1075 3528 ΧΙΙ.
1097 3457 1282 3535 voluntm

287 3551 478 3650 legemque,
504 3561 617 3648 quouis
638 3554 742 3627 modo
764 3583 874 3630 vexare
888 3563 1041 3652 etpoenie
1056 3557 1209 3638 efficere.
1252 3555 1288 3640 ll

286 3653 374 3752 quod
393 3680 499 3725 reuera
518 3653 637 3727 lictum
652 3654 730 3741 esse,
753 3655 947 3732 demonstrat
961 3659 1013 3734 lex
1029 3661 1231 3741 EVGENll
1248 3671 1291 3738 Ν.

243 3781 247 3788 ·
309 3780 347 3826 ua
369 3759 620 3852 Gregoriaaam,
648 3758 735 3857 quod
758 3759 953 3862 supradixi,
984 3761 1077 3864 quali
1101 3753 1292 3846 insinua-ruit,

282 3783 400 3952 sitaque
415 3863 598 3932 aucloritate
611 3859 717 3935 denuo
731 3859 845 3940 sanxit:
866 3885 973 3965 utpote
988 3893 1052 3966 qua
1066 3866 1196 3960 scribit,
1210 3869 1291 3946 luisse

279 3963 315 4031 in
331 3959 521 4035 Germaniae
537 3971 719 4062 prouinciis,
744 3997 818 4069 quas
833 3975 998 4056 nominat,
1018 3977 1224 4062 nonmusios,
1243 3979 1289 4078 qui

279 4067 486 4134 voluntariae
501 4075 708 4161 permittatis
719 4094 876 4166 pauperes
892 4081 1107 4152 eomnrueiter
1123 4105 1287 4174 unumne·

276 4177 338 4247 tot,
357 4169 512 4262 necaſsem
526 4171 662 4264 uestium,
685 4197 767 4268 quar
780 4175 962 4270 gestarent,
984 4179 1124 4280 diuerfis
1139 4189 1227 4256 mole
1252 4189 1288 4254 iis

272 4273 448 4363 et'ieiuriir
466 4271 642 4364 officerent,
664 4278 705 4372 io,
718 4279 897 4350 eorumdem
910 4301 1098 4374 pauperum
1115 4291 1286 4362 dmm
1342 4307 1348 4322 ·

1206 4407 1279 4470 M,

309 4506 344 4586 ⁰)
364 4511 433 4597 Cu·
446 4505 511 4578 nn.
523 4523 551 4595 t·
568 4532 618 4598 34·
631 4515 663 4580 ff·

149 4749 224 4816 h-
