2850 5475
268 768 270 779 ,
319 691 353 731 '¹
460 707 668 794 llagainnrran
687 729 793 775 nomen
812 709 955 774 tulerant.
1031 773 1034 779 ,
1089 726 1091 730 ·
1148 711 1210 798 163

206 879 254 955 sui
270 876 384 954 eanss'as
401 881 517 955 habere
530 880 699 955 debebant:
724 908 858 983 quarum
874 881 1001 983 quidem
1014 903 1206 959 trertantum

206 983 398 1060 indicuntur.
437 993 500 1059 dut
512 992 598 1058 enim
614 992 658 1059 nd
671 985 876 1080 reclusorium
889 992 1024 1059 carceris
1019 985 1205 1085 proficisci,

206 1115 261 1160 aut
276 1088 316 1164 ad
330 1090 497 1162 laoneslam
512 1087 690 1163 societatem
705 1088 878 1189 quamdam
895 1083 1033 1174 transire,
1053 1114 1105 1164 aut
1118 1090 1205 1165 deni
1269 1098 1271 1102 ’

173 1228 177 1238 ’
204 1216 269 1292 qu‘e
289 1193 458 1266 claullrum
476 1192 639 1295 quoddam
660 1190 953 1267 sanetimonialium
971 1193 1092 1293 ingredi
1109 1222 1205 1296 opor·

206 1299 290 1369 tebat
304 1291 371 1380 ean,
398 1324 477 1398 quae
497 1306 582 1370 mori
604 1303 683 1370 inter
700 1301 862 1396 Enguinos
875 1299 1034 1371 nolebant
1085 1303 1205 1384 Miror,

205 1406 408 1472 matrimonii
434 1402 559 1474 nullam
589 1408 670 1475 inter
696 1405 752 1474 has
775 1403 898 1474 honesli
921 1397 1067 1474 discessus
1089 1399 1205 1477 caussae
1267 1446 1321 1504 ¹..

205 1511 409 1576 mentionem
428 1503 490 1577 else
512 1502 650 1588 ladam,
679 1513 728 1577 cui
749 1505 836 1577 nulla
856 1508 1004 1604 Begaina
1027 1511 1206 1578 renuntiare

204 1605 343 1680 solebat
370 1632 472 1708 neque
485 1630 593 1682 tamen
608 1609 773 1693 existimo,
798 1606 1038 1710 Argentinenses
1050 1605 1204 1682 hassoru-

201 1739 254 1784 res
268 1734 452 1810 perpetuam
465 1716 539 1786 Deo
554 1712 725 1785 eallitatem
739 1710 877 1797 vouille,
901 1709 954 1785 sed
969 1717 1123 1796 coniirio,
1147 1709 1204 1801 sub

205 1814 519 1910 doncstnesociatntir
531 1815 699 1898 vocabulo,
719 1814 930 1914 amplissimae
944 1812 1029 1913 qnod
1045 1794 1204 1912 potestatis

203 1918 267 2005 eli,
291 1924 479 2017 coniugium
494 1945 621 2018 quoque
637 1920 751 1991 latere:
779 1918 866 2016 quod
883 1916 1011 2018 quidem
1025 1921 1204 2016 Beguinar,

205 2049 248 2097 ne
270 2022 483 2093 irnmodellae
501 2046 532 2105 et
550 2020 604 2119 spe
628 2029 733 2094 mariti
759 2024 870 2120 plenae
884 2021 1078 2103 viderentur,
1099 2044 1204 2119 aperte

202 2131 392 2210 nominare,
417 2127 565 2226 religioni
582 2124 637 2198 fibi
652 2125 814 2198 ducebant.
868 2130 962 2197 Ratio
975 2123 1092 2197 scilicet
1104 2129 1205 2198 lrone·

199 2230 290 2302 slata
301 2251 331 2301 et
346 2202 664 2329 decoribollulabat,
689 2251 723 2302 vt
742 2223 906 2328 religiosae
924 2234 1061 2326 virgines
1080 2230 1205 2327 publice

203 2331 453 2417 dillrmnlarent,
486 2331 572 2432 quod
601 2339 714 2406 animo
741 2329 852 2404 sonere
872 2360 940 2404 non
962 2334 1109 2404 illicitum
1130 2355 1215 2428 erat..

202 2439 254 2510 Ex
279 2434 596 2536 printarauffamm,
619 2465 694 2536 quas
715 2433 871 2537 diximus,
897 2439 1011 2535 liquet,
1034 2428 1206 2531 Bcguinnr
1252 2462 1257 2468 ·
1318 2441 1322 2451 “

203 2538 452 2638 saepenumero,
477 2569 550 2641 quas
571 2548 702 2612 maioris
717 2544 835 2612 virtutis
857 2561 886 2610 et
909 2538 1139 2612 sandirnoniae
1152 2567 1205 2611 cu

203 2642 283 2744 pido
298 2641 470 2726 incesserat,
485 2650 621 2766 captiuas
634 2641 697 2716 sele
713 2639 792 2740 ipsas
806 2640 918 2742 sponte
932 2639 1049 2725 secisse,
1063 2640 1113 2714 seu
1128 2633 1204 2714 exili

179 2745 180 2749 ¹
204 2747 346 2821 aedicula
369 2772 421 2820 aut
441 2756 568 2844 tugurio
573 2745 732 2819 conclus
736 2744 827 2828 sse,
817 2774 927 2844 inqua
950 2749 1105 2860 reliquum
1122 2753 1203 2820 vitae

202 2849 785 2948 tempusprecibus,sacrarumre1um
801 2848 1006 2920 meditatione
1006 2846 1204 2948 ,landlisqna
1236 2857 1239 2864 '
1257 2871 1263 2879 ·

204 2953 373 3049 colloquiis
391 2950 628 3023 consumerent·
651 2950 737 3049 quod
763 2957 816 3048 qui
838 2951 1008 3024 confilium
1030 2953 1204 3048 capiebant,
1284 2996 1286 3002 ·

188 3067 190 3072 ’
202 3056 367 3151 capiebant
380 3077 485 3125 autem
502 3081 536 3124 ea
552 3073 648 3124 aetate
662 3053 804 3150 plurimi,
813 3056 891 3125 Recl
877 3057 937 3152 laſs
946 3058 1061 3136 etRerl
1048 3058 1131 3150 lrfiar
1141 3056 1204 3126 dici
1255 3102 1263 3114 x

203 3156 355 3232 solebant.
407 3162 498 3229 Hinc
514 3157 574 3228 illis
589 3156 643 3228 lux
658 3152 807 3236 nascetur,
824 3184 875 3252 qur
869 3154 1026 3227 'caussam
1042 3179 1203 3254 quaerunt,

202 3287 334 3362 propter
349 3287 445 3358 quam
460 3262 539 3331 chl
537 3259 609 3354 ustae
622 3285 689 3330 non
710 3285 781 3330 raro
796 3259 960 3355 Beguinar
974 3266 1069 3331 etiam
1089 3288 1204 3334 vocan

205 3387 271 3447 tur,
300 3370 376 3436 etin
392 3369 526 3462 antiquis
541 3367 653 3434 chartis
673 3385 703 3435 et
719 3359 945 3460 diplomatibus
961 3367 1085 3463 Rrrlnst
1098 3387 1128 3437 et
1142 3369 1205 3438 Ba·
1229 3400 1231 3406 ’
1319 3389 1325 3396 ·

199 3473 339 3566 gainae,
364 3489 529 3565 tamquam
546 3464 686 3539 eiusdem
706 3471 828 3564 generis
845 3485 875 3537 rt
895 3467 1021 3539 inslitnti
1042 3474 1204 3554 homines,

203 3570 364 3644 interdum
383 3568 549 3644 sociantur.
599 3574 690 3669 Quo
707 3568 746 3640 ad
762 3566 1055 3642 sandlimonialium
1077 3569 1204 3645 forieta·
1228 3638 1231 3642 .

202 3695 268 3747 tem
294 3672 468 3773 quamdam
489 3700 526 3748 ex
547 3670 707 3745 sororibus
729 3673 1007 3771 Argentinenbbur
1025 3671 1204 3772 proficisco

202 3779 333 3860 bantur,
357 3778 418 3850 illrr
431 3799 549 3875 argenti
544 3778 730 3855 nonnihil,
753 3783 889 3873 quinqua
901 3783 1010 3861 librar,
1031 3806 1069 3851 ex
1082 3806 1203 3852 nerano

193 3879 320 4003 ,domus
334 3883 566 3963 numerabatur,
585 3879 703 3952 idcirco
719 3878 741 3950 s
733 3907 784 3950 ne
796 3879 905 3961 dubio,
921 3904 953 3953 vt
963 3881 1087 3965 ditem,
1101 3910 1201 3982 qnam
1281 3953 1285 3962 ,

169 4007 173 4013 ’
203 3990 396 4064 nominant,
420 3979 543 4055 soluere
558 3980 697 4081 possent,
721 3982 865 4064 claulb·‚o
888 3982 983 4054 curse
997 3984 1201 4072 deuouerant,

200 4086 417 4189 pendendam.
449 4092 538 4184 Qne
551 4092 681 4183 pecunia
700 4111 799 4185 quum
817 4083 839 4154 s
830 4113 881 4156 ne
895 4083 1080 4161 discrimine
1094 4094 1202 4161 omni

203 4193 261 4266 bus
280 4189 447 4285 albgnetnr
468 4186 642 4271 advitam,
668 4212 763 4309 quam
780 4187 955 4284 argubium
970 4177 1068 4312 vulgo
1081 4220 1202 4265 nuncu
1296 4216 1298 4219 ·

202 4317 297 4397 pant,
330 4268 394 4366 sese
413 4290 610 4365 conserentib
593 4294 664 4374 bna,
691 4297 725 4363 in
742 4316 820 4362 earn
842 4290 978 4370 inducor
997 4301 1200 4392 opinionem,

200 4394 446 4499 Argentinenles
467 4400 635 4492 Bagainnr
653 4398 767 4468 omnia
788 4394 871 4466 bona
893 4392 964 4480 sua,
989 4398 1074 4469 nulla
1097 4425 1130 4470 te
1149 4427 1201 4471 ex

202 4525 311 4609 cepta,
324 4499 469 4576 societati
487 4496 543 4575 sub
565 4494 739 4599 ingreffum
760 4495 880 4608 undere
893 4521 924 4573 et
940 4528 1034 4577 οιιιιιι
1028 4502 1200 4603 potellate
1316 4583 1321 4590 ,

413 4670 417 4676 .
624 4631 628 4638 ’
736 4605 810 4675 La
1165 4606 1200 4680 in
