2850 5475
82 648 89 657 ⁴
225 581 290 720 13,
330 590 465 734 mn
492 618 1140 719 nmmo-equcmmon'

213 790 397 887 (nationem
421 803 556 892 feriunt,
577 801 733 879 imitanda
754 800 973 904 propensioni.
1024 803 1156 884 Sciunt,
1185 803 1242 898 qui

230 913 359 989 sibimet
372 909 430 1009 ipsi
445 938 514 984 non
532 916 632 1010 ignoti
647 906 737 993 funt,
757 928 871 1007 quanta
886 909 932 982 vir
948 912 983 979 in
995 906 1077 978 binio
1091 908 1185 977 hince
1197 909 1242 976 vi·

178 1026 182 1033 ’
231 1022 283 1090 tiis
305 1013 343 1088 stt
364 1013 404 1087 ad
427 1043 474 1088 res
488 1021 644 1088 maximae
659 1035 689 1086 et
703 1009 804 1084 fidem
819 1008 887 1084 fere
899 1007 1082 1085 excedente·
1096 1006 1242 1081 efficien-

184 1190 187 1195 .
232 1119 298 1194 dar.
327 1117 388 1192 Sed
408 1119 483 1191 aliar
497 1140 617 1203 tamen,
634 1137 757 1216 praeter
769 1122 827 1190 har
843 1121 989 1199 rationes,
1000 1109 1085 1187 haud
1099 1106 1242 1185 difficul-

80 1260 85 1271 ·
185 1317 188 1323 ι
233 1244 283 1296 ter
295 1228 470 1302 inuenerit,
493 1227 632 1395 quisquis
646 1220 771 1303 statum,
794 1246 913 1302 mores,
937 1239 968 1292 et
982 1236 1110 1305 euentus
1124 1211 1242 1288 saeculi

235 1349 308 1400 ante
322 1326 435 1399 oculor
449 1324 507 1398 fibi
524 1352 568 1422 po
583 1330 671 1396 uerit.
723 1328 871 1396 Primum
887 1319 1017 1411 decimo
1030 1325 1126 1394 tertio
1140 1313 1244 1392 saecu·

141 1509 144 1512 ,
194 1448 196 1453 ’
235 1429 273 1506 lo
286 1430 391 1503 multo
408 1435 514 1503 maior
529 1426 623 1502 solito
637 1449 667 1501 et
682 1425 874 1501 incredibilis
885 1424 953 1500 fere
968 1432 1001 1498 in
1016 1418 1161 1500 uniuersa
1181 1427 1245 1496 Eu·

168 1562 175 1576 “
235 1560 316 1633 aopa
337 1556 402 1606 erat
426 1529 601 1606 multitudo
622 1530 798 1607 mulierum
819 1527 1026 1612 miserarum,
1054 1548 1086 1600 et
1105 1531 1247 1610 auaritia,

235 1639 427 1741 parentibus,
442 1638 566 1738 opibua,
580 1632 697 1739 speque
710 1633 850 1709 nubendi
864 1631 1091 1707 dellitutarum.
1145 1633 1247 1703 Hane

94 1812 98 1827 ,
238 1743 451 1814 calamitatem
475 1768 535 1816 vna
558 1766 634 1812 eum
659 1738 730 1812 aliia
752 1736 940 1813 induxerant
959 1732 1100 1810 infelicet
1118 1732 1198 1807 illae
1212 1738 1247 1805 in

237 1839 446 1918 Palaestinam
462 1841 697 1944 expeditiones,
719 1846 877 1914 cruciatos
892 1840 993 1940 vulgo
1008 1837 1139 1923 dicunt,
1166 1861 1256 1938 quae·

150 2012 155 2021 ,
240 1947 415 2024 vndecirno
432 1944 557 2020 saeculo
571 1968 711 2046 coeptae,
725 1971 782 2043 per
794 1941 1024 2018 duodecimum
1040 1939 1248 2015 etdecimum

163 2114 176 2141 ,
241 2057 375 2126 tertium
392 2077 515 2148 magno
535 2045 662 2122 feruore
678 2046 785 2122 dicam
809 2075 851 2121 an
866 2043 994 2120 furore?
1019 2043 1250 2118 continuaban·

241 2175 302 2228 tur.
354 2155 603 2226 Exhauriebatur
615 2156 755 2251 Europa,
767 2150 968 2251 flagrantibus
986 2150 1048 2223 illie
1063 2147 1167 2243 belsia,
1181 2172 1250 2221 non
1292 2142 1295 2161 '

241 2258 338 2331 bonit
360 2254 485 2329 tentum
507 2279 537 2329 et
559 2276 702 2356 argento,
727 2280 838 2328 verum
860 2261 958 2329 etiam
980 2260 1069 2327 viris:
1103 2277 1251 2353 qnorum

242 2361 378 2461 plurimi
396 2385 518 2445 vxorea,
536 2360 679 2461 filiasque
693 2366 845 2433 omnium
860 2357 1061 2432 fortunarum
1077 2361 1193 2456 inopes
1208 2379 1254 2427 re

148 2500 161 2529 .·
243 2465 442 2562 linquebant,
467 2485 498 2537 et
514 2461 571 2563 ipst
587 2461 686 2548 fetro,
712 2460 811 2549 fante,
830 2463 912 2563 pelle
928 2462 1104 2535 interibant.
1145 2460 1253 2533 ‚Tan-

91 2638 95 2646 ,
244 2590 314 2640 tarn
335 2574 403 2639 vim
423 2565 591 2640 viduatum
606 2589 637 2640 et
651 2572 815 2667 virginum
831 2569 982 2641 orbarum
1002 2562 1169 2638 domicilla
1186 2556 1257 2635 san·

172 2717 186 2725 --
245 2670 483 2745 dlimonialium
508 2676 651 2770 excipere
663 2697 723 2745 nee
737 2691 899 2771 poterant,
920 2697 981 2746 nec
996 2670 1157 2751 volebant,
1180 2670 1256 2767 quia

181 2783 190 2791 ’
245 2772 348 2871 longe
363 2779 506 2849 maxima
520 2800 589 2871 paro
599 2773 710 2846 dotem
726 2771 840 2849 afferre
851 2802 920 2849 non
933 2795 1068 2876 poterat:
1093 2773 1257 2873 plurimae

153 2882 163 2892 ”
248 2883 346 2950 etiam
372 2876 550 2951 rellriflum
573 2874 653 2948 illud
671 2882 753 2949 vitae
765 2902 865 2977 genno
882 2880 1054 2959 timebant,
1074 2880 1126 2948 cui
1142 2874 1260 2949 mulie·

248 3007 309 3063 res,
330 2983 401 3054 Deo
415 2977 622 3063 consecratae,
638 2977 836 3064 addicuntur,
858 3007 959 3079 neque
973 2984 1152 3052 bominum
1167 3004 1261 3050 eom·

250 3089 376 3157 mercio
409 3103 439 3156 et
468 3082 608 3156 nubendi
635 3080 784 3157 facultate
806 3091 932 3183 ponitur
956 3087 1074 3183 priuari
1099 3080 1262 3153 volebant.

251 3192 369 3290 Quare,
391 3184 620 3271 commodum¹
633 3213 703 3260 non
721 3192 895 3273 exoriente,
921 3208 952 3261 at
965 3182 1204 3287 progrediente,
1229 3199 1261 3255 et

176 3294 179 3300 ’
252 3289 404 3364 dilatante
418 3286 482 3363 sese
498 3292 722 3389 Begninnrrrrn
736 3287 874 3376 familia,
888 3298 1031 3364 certatim
1042 3297 1197 3389 quaecum
1222 3309 1262 3359 ne

253 3392 367 3496 perditi
384 3415 415 3465 et
429 3391 539 3469 afflicii
559 3398 709 3491 agminis,
725 3420 785 3465 nec
799 3398 973 3467 hominnm
990 3388 1114 3493 prorsus
1131 3418 1173 3465 eo
1212 3416 1265 3464 or·

140 3574 143 3579 ,
254 3505 302 3570 tio
317 3494 476 3580 excedere,
497 3517 529 3568 et
543 3523 681 3569 emnem
702 3502 905 3570 matrimonii
925 3494 1014 3597 spem
1031 3498 1177 3598 abiicere,
1203 3519 1266 3569 nen

256 3606 405 3698 turpiter,
430 3595 544 3672 misere
567 3621 598 3671 et
619 3597 836 3698 ignominiose
852 3621 985 3674 aetatem
1002 3596 1194 3674 consumere
1207 3623 1266 3672 uo·

124 3717 131 3726 '
256 3705 380 3787 lebant,
407 3699 511 3773 salntir
531 3723 563 3773 et
585 3700 734 3777 fortunae
753 3700 937 3804 perfugium
963 3711 996 3777 in
1013 3732 1048 3776 ea
1062 3703 1266 3805 quaerebant.

256 3809 344 3882 Alias
360 3806 520 3888 mulieret,
536 3832 601 3877 non
622 3804 734 3880 iisdem
750 3804 896 3880 fortunae
912 3813 1034 3881 iniuriis
1046 3826 1181 3892 vexatas,
1198 3805 1269 3907 plu·

139 3985 143 3994 ,
258 3917 361 3991 rima,
386 3937 466 4008 quae
481 3912 703 4005 Begninnrntn
718 3917 800 3984 vitae
819 3910 967 3986 adiundla
987 3932 1094 3993 erant,
1115 3936 1178 3984 nec
1190 3937 1271 3984 con·

258 4010 430 4086 temnenda
445 4010 641 4097 commoda,
667 4013 848 4088 alliciebant
860 4014 927 4091 fine
940 4015 1041 4090 dubio
1054 4012 1094 4088 ad
1109 4042 1272 4108 ermom·

137 4138 141 4150 ·
259 4114 475 4217 plectendam.
529 4120 692 4220 Principio
710 4116 896 4218 pudicitiae,
922 4117 1110 4204 modelliae,
1130 4111 1279 4223 pruden?

260 4228 334 4304 tiae,
360 4212 481 4318 pietatir
495 4217 623 4292 landem
640 4226 674 4294 in
689 4224 814 4323 populo
828 4220 1117 4324 consequebantur,
1139 4249 1223 4322 quae
1240 4218 1274 4296 se

262 4331 292 4397 ei
308 4330 388 4398 vitae
402 4321 573 4430 dedebant:
595 4323 682 4423 qnod
697 4353 773 4399 curn
785 4327 850 4401 'alia
862 4330 1001 4427 pariebat
1016 4326 1089 4430 ipfra
1102 4324 1197 4402 valde
1211 4332 1276 4404 vti·

260 4429 316 4517 lia,
334 4449 405 4507 turn
416 4433 482 4503 hoc
496 4431 650 4519 mannae,
663 4451 697 4508 rt
709 4436 748 4510 iu
761 4432 853 4510 rebor
865 4430 970 4510 dnbiir
983 4454 1013 4509 et
1025 4430 1131 4511 arduis
1146 4436 1182 4509 in
1195 4457 1278 4556 oon·

1106 4645 1116 4652 ῃ
1158 4531 1279 4615 mun
