2850 5475
285 684 330 760 tt
395 674 472 763 nv.
490 636 523 743 r
563 670 612 742 ne
628 671 774 764 ,auam
793 632 959 758 alan,
975 654 1191 738 anain-i
1252 760 1257 770 ‚

258 836 262 845 ¹
290 875 343 930 tur
356 854 608 952 prointegritate
621 869 651 923 et
665 843 921 929 immutabilitate
934 810 1063 947 regulae
1073 824 1310 920 franciscanae

243 942 248 959 ’
290 957 555 1062 propugnabant,
584 956 723 1054 Begaini
747 975 778 1025 et
797 952 963 1048 Begbardi
983 975 1051 1024 uon
1073 977 1091 1022 a
1114 947 1216 1048 vulgo
1241 972 1313 1024 tan·

104 1098 107 1105 ·
223 1068 227 1075 ’
264 1084 383 1153 ,turm
402 1086 513 1134 verum
530 1063 660 1131 etiama
679 1056 846 1139 Pontifice,
872 1054 958 1154 vulgi
974 1051 1160 1130 semroncm
1175 1059 1311 1128 imitan-

176 1142 181 1152 ’
291 1188 334 1252 ιε,
359 1162 578 1240 salutabantur.
627 1160 903 1236 tonitruus
930 1163 1027 1234 tout
1044 1148 1170 1230 'artatam
1192 1152 1255 1232 snt
1279 1178 1311 1233 α

137 1278 143 1349 ’.
292 1272 472 1346 auctoritati
494 1263 567 1339 suae
586 1266 626 1338 ab
649 1270 714 1339 hoc
735 1288 853 1364 genere
867 1268 1016 1336 iniuriam
1032 1259 1217 1363 grauiss'rnre
1231 1262 1311 1338 ulci-

292 1371 449 1448 scebarur:
475 1397 554 1443 nam
569 1391 599 1461 et
613 1365 694 1443 ditat
708 1369 754 1442 illi
772 1367 1017 1471 imprecabatur,
1027 1388 1059 1439 et
1071 1386 1229 1467 quotquot
1242 1371 1311 1441 eiua

293 1473 483 1552 sententiam
496 1471 659 1545 dimittere
673 1470 807 1556 nollent,
826 1476 901 1570 igne
916 1477 1051 1544 cremati
1070 1470 1203 1561 iubebat.
1239 1474 1311 1545 Vn·

152 1596 160 1604 '
293 1578 337 1669 de
358 1599 460 1653 tantus
479 1577 624 1651 vocabuli
647 1579 812 1675 Begttirtus
832 1594 863 1646 ct
878 1575 1069 1673 Btgbnrdur
1085 1576 1220 1657 horror,
1241 1593 1312 1671 tan·

293 1703 363 1759 tum
384 1678 519 1755 dedecus
541 1677 810 1780 consequebatur,
835 1696 869 1750 vt
891 1682 945 1777 qui
965 1684 1006 1751 eo
1021 1675 1085 1751 sese
1099 1676 1311 1753 afficiuudie·

185 1858 187 1863 .
254 1866 256 1871 ,
292 1787 388 1874 bant,
412 1783 589 1884 turpitlima
604 1781 666 1858 sese
679 1782 807 1857 macula
820 1786 924 1854 notari
939 1800 1093 1882 putarent
1144 1778 1208 1853 bed
1223 1785 1312 1855 hauc

294 1918 365 1967 rem
388 1915 475 1961 nunc
497 1886 627 1962 millam
644 1885 752 1972 sacio,
776 1889 932 1983 quoniam
955 1886 1095 1984 pluribus
1117 1883 1193 1958 alias
1207 1886 1313 1986 expli.

296 1991 399 2066 mnda
419 1996 494 2073 erit,
517 2012 548 2069 et
568 1988 608 2063 ad
632 1989 766 2089 reliquas
782 1986 878 2062 saetas
896 1992 1047 2093 propero,
1067 1989 1177 2094 quibua
1191 1990 1314 2091 Begtn'·

295 2120 408 2168 nutum
421 2093 590 2193 appellatio
605 2093 719 2165 tributa
734 2091 819 2165 olim
839 2087 909 2167 fuit.

760 2317 768 2334 .
796 2263 864 2336 XX.

370 2390 483 2473 Refert
498 2261 837 2470 Htttottlvs
859 2394 1313 2483 ttnLYoTtmnov.

177 2514 181 2523 ⁴
297 2501 569 2575 TREMANO
583 2497 650 2583 Ι”),
665 2497 786 2573 Fratres
804 2503 977 2583 Scutarios,
993 2497 1059 2571 siue
1073 2502 1226 2583 Sortitus,
1243 2508 1313 2602 qui.
1334 2548 1338 2555 ‚

178 2652 181 2656 ·
299 2606 357 2678 bus
379 2628 504 2678 nomon
526 2629 543 2672 a
563 2600 755 2676 vessimentis
777 2624 859 2688 erat,
879 2599 1026 2677 sortitam
1050 2599 1131 2675 sacci
1146 2599 1313 2679 referenti·

299 2709 369 2791 bus,
386 2706 593 2782 Valentiam
608 2710 643 2776 in
656 2705 830 2780 Harmonia
848 2708 1151 2807 diatrethguittas
1163 2729 1313 2810 propter.

301 2827 339 2908 e'a
360 2830 489 2883 vocatos
509 2805 633 2879 saeculo
653 2808 783 2884 decimo
802 2817 897 2884 tertio
918 2807 1024 2899 fuisse,
1045 2807 1132 2911 quud
1149 2812 1235 2886 vrbis
1252 2815 1313 2888 Bt·

295 2917 413 3016 gatiam
434 2915 655 3013 gubernationi
679 2939 793 2987 eorum
817 2911 881 2989 sese·
900 2910 1107 2988 crediderant.
1159 2918 1241 2990 Hoc
1260 2944 1313 2995 ex.

187 3051 192 3080 ι
276 3113 279 3120 ¹
300 3016 447 3118 emplum
471 3042 539 3089 uon
561 3013 674 3103 modo,
694 3010 792 3119 quarn
806 3020 869 3093 late
885 3015 1050 3119 quondam
1066 3015 1101 3090 id
1118 3044 1244 3095 nomen
1258 3019 1314 3121 pa·¹

299 3129 403 3206 tuerit,
427 3117 575 3204 ollendir,
600 3148 713 3194 venum
729 3130 827 3196 etiam
843 3119 992 3207 declarat,
1012 3121 1258 3199 multitudinem
1273 3151 1313 3202 en

300 3231 423 3299 minuta
437 3221 527 3322 saepe
540 3247 575 3294 re
589 3223 794 3299 occasionem
810 3218 966 3309 sumstss'e,
989 3251 1044 3300 eus
1059 3225 1118 3299 illo
1131 3225 1312 3316 mactandi,

299 3353 381 3427 quoa
402 3327 471 3400 aliia
493 3347 584 3398 antea
606 3328 770 3402 vocabulis
793 3327 1014 3426 appellauerat.
1064 3332 1224 3406 Fratribus
1248 3337 1311 3421 hie·

234 3461 241 3478 ·
300 3437 355 3530 qui
372 3452 503 3529 propter
523 3424 689 3502 summanr
710 3427 807 3529 legis,
831 3436 883 3503 cui
906 3434 1072 3534 parebant,
1095 3436 1312 3514 austeritater·

140 3591 143 3598 .
300 3527 910 3637 hgmtesnonrinaripotuissent,toto
922 3562 1040 3635 genere
1052 3535 1191 3638 oppositi
1207 3559 1310 3629 erant,

82 3701 105 3746 ω,
185 3641 188 3646 ’
302 3662 381 3734 quoa
397 3630 584 3714 multitudo,
608 3639 678 3733 quia
692 3633 773 3710 laute
785 3665 821 3712 ac
834 3638 977 3712 hilariter
989 3644 1147 3731 viuebanr‚
1168 3631 1351 3718 Fratmt}

301 3740 483 3810 Gaudentius
503 3761 617 3808 vocare
636 3733 766 3813 solebat.
824 3748 953 3844 Equites
980 3767 1068 3820 erant
1094 3742 1309 3834 sandlislirrrae¹

138 3846 142 3856 '
300 3844 430 3939 uirgini,
446 3843 487 3913 Μ
499 3845 526 3911 Λ
536 3844 672 3926 tttnE,
684 3841 868 3931 consectati,
880 3867 911 3920 et
923 3844 1047 3924 saeculo
1063 3847 1195 3923 decimo
1211 3856 1307 3938 tortio

301 3948 335 4015 in
353 3930 440 4018 ltalia
453 3970 486 4014 ea
502 3969 535 4015 re
548 3944 776 4043 potiffimuma
787 3952 901 4024 celebri
917 3950 1057 4053 quodam
1067 3957 1307 4030 Dominicanaa

299 4044 445 4124 familiae
457 4054 527 4120 viro
542 4048 689 4137 instituti,
710 4074 744 4126 vt
760 4058 795 4127 in
811 4054 982 4129 notiffirnit
996 4059 1060 4131 illia
1074 4057 1306 4158 (iuelphottrrn¹

298 4171 331 4223 et
345 4152 582 4226 Gibellinouum
596 4157 710 4245 turbis,
729 4155 855 4236 miserit
868 4180 899 4234 et
911 4159 1065 4262 uppreffia
1078 4158 1306 4250 succurrerunt,

249 4281 253 4292 '
786 4277 788 4282 ’
1272 4287 1305 4344 et

315 4393 319 4402 ’
338 4406 367 4486 ·)
389 4408 520 4469 Histoire
540 4405 589 4471 det
607 4409 718 4478 Ordret
732 4434 777 4477 te-
863 4415 916 4503 “l
936 4415 1067 4485 tuaene
1079 4416 1116 4482 de
1130 4405 1307 4490 vitarim
