2850 5475
468 693 632 780 elmi*
648 693 825 782 ΝΜ
1022 806 1025 811 ·
1067 695 1136 786 fill
1185 732 1190 804 '.

313 862 317 891 ³
381 858 540 943 Processus
562 887 670 941 contra
699 859 912 942 fresnellus·
985 912 987 917 ·
1104 916 1107 925 ·

192 966 340 1046 'Dudum
364 971 403 1044 ad
427 970 838 1069 audientiamnposlolicae
861 969 938 1044 sedis
953 971 1133 1052 multorum

134 1071 343 1149 insinuatione
362 1075 534 1176 perdudl0,
555 1078 641 1176 quod
657 1076 808 1148 nonnulli
826 1073 977 1174 profanae
991 1080 1132 1154 multitu·
1156 1102 1159 1109 '

135 1175 237 1264 dinis,
261 1187 314 1280 qui
326 1180 496 1279 vulgariter
512 1181 699 1264 natitent,
719 1175 770 1252 seu
791 1183 925 1253 Fratres
940 1184 1133 1276 depangere

136 1287 219 1367 vira,
231 1304 284 1357 aut
297 1286 449 1370 Bizorlri,
463 1282 527 1358 srue
541 1285 686 1379 Biglrini,
707 1283 758 1355 vel
771 1283 840 1355 aliis
854 1284 1133 1360 nominibus'uun·
1188 1302 1191 1307 '

135 1407 307 1482 eupantur,
334 1393 368 1459 in
392 1388 529 1486 panibus
552 1385 677 1470 ltaliae,
707 1412 854 1460 necnon
877 1385 977 1460 insula
997 1392 1133 1478 Siciliae,

133 1495 289 1562 comitatu
313 1497 515 1575 Prouincias,
542 1486 741 1561 Narbonenfi
763 1511 794 1562 et
814 1489 979 1566 Tolosam
1001 1498 1134 1566 ciuitati.

136 1591 193 1664 bus
208 1614 240 1665 et
252 1592 447 1667 dioecesibus
462 1622 499 1667 ac
517 1596 705 1693 prouinciis,
729 1594 859 1694 aliisque
873 1600 1049 1670 cismarinis
1066 1624 1136 1695 par.

134 1692 216 1795 tibris
236 1718 346 1770 contra
368 1695 469 1771 sacros
491 1721 645 1790 caupnes,
659 1742 663 1751 ·
678 1697 822 1769 habitum
845 1725 949 1772 nouae
970 1701 1135 1798 religionis
1273 1730 1282 1762 ⁴

133 1796 307 1885 assumere,
328 1808 588 1902 congregationes
601 1820 633 1872 et
645 1803 865 1874 conuenticusa
886 1800 1009 1889 facere,
1031 1824 1063 1876 et
1078 1810 1136 1877 Su·

133 1909 276 2003 puriores
294 1900 353 1976 libi
376 1903 448 2004 ipfis
467 1904 593 2002 eligere,
620 1928 698 2003 quos
718 1905 890 1991 minislros,
918 1903 972 1979 seu
991 1905 1135 1985 custodes
1234 1928 1240 1995 ἶ

133 2007 186 2080 ves
200 2005 401 2107 guardiam,
424 2031 476 2080 aut
490 2008 677 2079 nominibus
691 2009 852 2107 appellant
867 2006 954 2094 eliis,
976 2011 1136 2108 plurimos

133 2106 174 2182 ad
197 2136 311 2184 eorum
336 2108 451 2184 sesiam
473 2117 629 2210 recipere,
654 2114 689 2181 in
707 2112 819 2209 quibus
839 2115 980 2186 habitant
995 2121 1134 2189 incom-

130 2219 245 2305 muni,
271 2214 395 2313 publice
415 2214 614 2295 mendicare,
635 2212 719 2312 quasi
735 2241 848 2288 eorutn
867 2213 948 2290 sessa
963 2216 1002 2290 srt
1014 2247 1076 2291 vna
1092 2218 1134 2293 de

85 2350 89 2369 ¹
114 2317 342 2416 ‘religionibus
365 2344 423 2416 per
441 2317 557 2391 Sedena
577 2316 797 2415 Apostolicatn
813 2321 1008 2417 approbatis,
1034 2345 1134 2396 teme·
1186 2332 1193 2337 “

114 2404 221 2492 'ritate
240 2420 414 2493 damnabili
438 2419 675 2519 praesumebant
695 2427 791 2492 etiarn
816 2420 1018 2511 incessanter,
1051 2447 1081 2498 et
1100 2445 1134 2499 vt

130 2521 276 2625 ipsorum
291 2549 381 2603 error
395 2531 515 2607 veritas,
528 2544 561 2593 et
574 2528 720 2619 impietas
736 2525 850 2623 religio
862 2547 1038 2623 putaretur,
1064 2529 1133 2626 psu-

127 2631 209 2701 rimi
222 2650 336 2698 eorum
352 2628 510 2723 Regulam
525 2622 655 2700 Ordinis
670 2628 812 2698 Fratrum
829 2631 1012 2712 Minorusn,
1036 2657 1134 2728 quarn

86 2771 90 2782 ·
129 2731 263 2802 Senibus
281 2727 460 2806 Fruncil‘cus
482 2728 630 2813 inslituit,
650 2724 844 2827 leprositas
861 2728 901 2802 ad
924 2732 1058 2804 litterani
1076 2736 1134 2806 ob·

130 2829 255 2907 semare
274 2833 454 2931 lingebanr,
473 2855 676 2932 quamquam·
691 2830 745 2903 sub
765 2830 944 2908 obedientia
958 2834 1133 2923 Generalis,
1167 2844 1172 2847 ’
1258 2893 1267 2911 .

129 2935 182 3010 vel
212 2937 459 3009 Prouincialium
489 2935 705 3007 ministrorum
731 2934 824 3034 ipsius
845 2934 967 3008 ordinis
991 2945 1133 3014 minime

87 3091 91 3104 ·
130 3055 349 3124 morarentur,
374 3036 607 3138 praetendentes
628 3034 659 3107 se
682 3061 700 3107 a
723 3034 845 3109 sanetae
858 3048 1038 3113 memoriae
1054 3046 1134 3114 Cae·
1157 3051 1163 3062 '

130 3140 247 3218 leslino
261 3152 303 3214 V.
318 3139 550 3241 praedecessore
564 3137 683 3224 noslr0,
699 3140 882 3212 huiusmodi
900 3143 1000 3228 slatus,
1020 3141 1072 3217 scu
1087 3152 1134 3218 vi.

130 3265 182 3319 rae
197 3246 400 3345 priuilegium
416 3242 556 3316 habuisse
575 3242 818 3333 (confirmatam
835 3246 1044 3318 aCaeleslino
1060 3276 1133 3321 mo·

129 3348 282 3428 uallium
299 3376 412 3421 eorutn
427 3346 648 3446 disciplinam,
667 3366 697 3419 et
711 3368 838 3419 uocatos
851 3376 1002 3446 pauperes
1016 3357 1135 3424 eremi.

131 3472 179 3528 tes
197 3455 340 3525 Domini
362 3452 548 3535 Caelestini,
571 3446 769 3524 contendunt
792 3454 958 3535 nonnulli,
981 3474 1012 3525 et
1026 3455 1134 3528 Clare·

85 3567 88 3578 '
129 3581 251 3632 norum
272 3561 552 3657 congregationem
577 3549 670 3629 fuisse
688 3556 872 3628 huiusmodi
878 3584 889 3641 ς
913 3556 1006 3628 atilli
1024 3555 1136 3630 aduer-

129 3679 216 3745 ranr,
237 3659 313 3761 quid
331 3659 471 3733 subiiciat
488 3658 648 3754 Pontifex)
663 3656 751 3757 quod
760 3680 883 3745 tamen,
895 3653 1016 3732 etiamsi
1031 3660 1134 3734 ossen·

131 3761 264 3850 derent,
291 3790 359 3837 non
380 3765 512 3846 valeret,
538 3792 613 3836 cum
636 3760 737 3834 felicis
757 3762 985 3862 recordationis
1005 3761 1108 3836 Bonis
1121 3804 1135 3829 .

130 3874 200 3941 eius
214 3872 388 3967 l’apaVlis.
400 3863 614 3967 praedecessor
627 3865 744 3949 noller,
760 3893 798 3939 ex
814 3874 904 3940 certis
918 3867 1025 3940 cauffis
1041 3869 1142 3942 ratio·-

129 3971 287 4048 nabisibus
311 3976 423 4045 omnia
446 3970 611 4068 priuilegia
633 3964 761 4065 abipso
782 3967 1134 4057 Caelessinocbncesse,
1173 3963 1177 3979 ¹

129 4101 216 4175 quae
236 4072 416 4174 peripsum
439 4070 642 4146 Bonisaciurn
663 4096 730 4143 non
743 4080 941 4170 contingeret
955 4077 1134 4173 approbari,

129 4176 289 4253 vacuasset
310 4178 446 4262 viribus,
478 4203 538 4250 nec
562 4173 685 4252 dissum
706 4175 912 4275 priuilegium
941 4182 1143 4251 inueniretur·

121 4271 194 4385 'per
212 4280 353 4356 eundem
375 4276 578 4355 Bonifatium
598 4274 825 4381 approbarum3
853 4303 911 4350 nos
932 4274 1145 4366 attendentes,
1201 4293 1203 4297 ’
1277 4339 1286 4352 .

131 4382 223 4486 quod
240 4392 274 4459 in
296 4399 441 4460 erronrm
465 4386 646 4459 barathrum
666 4380 800 4456 faciliter
813 4401 924 4488 ruunt,
952 4390 1004 4484 qui
1023 4401 1137 4454 conce.

127 4507 211 4627 sna
225 4495 380 4662 propias
392 4508 527 4644 panau
550 4477 794 4668 dnnrssscpnlpn
812 4481 1147 4665 mmsbssf
