2850 5475
216 704 286 775 aas
330 690 406 781 Cap.
420 690 465 761 Π.
505 692 557 763 Dr
565 692 752 773 inclinibus,
766 692 850 779 'qaae
859 696 980 778 prim
991 696 1131 761 omniu

216 872 258 943 iu
271 872 391 942 Lentos
407 867 453 937 od
465 868 613 961 dnosm
629 864 785 940 milliaria
796 874 1027 962 propa-aban·
1064 872 1135 939 llic
1152 868 1241 943 loeus

226 974 362 1073 planum
379 967 585 1053 triumfauit,
611 992 730 1071 quanto
744 976 831 1071 vulgi
847 970 966 1045 assensu
987 998 1017 1044 et
1037 974 1243 1070 approbatio·

226 1102 269 1150 ne
289 1078 343 1149 illa
359 1074 488 1150 viueudi
506 1070 631 1159 forma,
653 1103 735 1175 qnae
754 1104 836 1149 noua
852 1076 974 1175 proflui¹
989 1078 1177 1162 videbatur,
1200 1104 1243 1149 rt·

225 1202 314 1280 cepta
327 1179 432 1265 suerit,
458 1206 623 1279 quamque
638 1178 740 1252 subito
759 1186 791 1252 in
806 1185 1056 1280 amplitudinem
1076 1208 1185 1281 prope
1199 1188 1244 1255 in·

223 1283 414 1359 credibilem
429 1282 613 1357 nioleuern.
665 1282 840 1356 Modicum
856 1288 982 1357 Niuella
998 1284 1165 1385 oppidum
1184 1286 1244 1358 tsl:

225 1388 314 1491 quod
338 1388 363 1461 li
384 1417 487 1461 vnum
510 1390 583 1459 bina
603 1390 824 1483 Brguinoruna
853 1392 956 1461 millia
979 1388 1244 1486 comprehendit,

227 1516 307 1595 quot
328 1488 554 1565 immaioribus
574 1494 711 1573 urbibus,
732 1516 763 1564 et
785 1500 911 1591 magnis
928 1497 1106 1593 prouinciis
1121 1490 1246 1576 vixisse,

226 1602 462 1671 coniiciamus?
514 1600 622 1669 Tanta
644 1595 819 1669 multitudo
842 1625 898 1695 per
920 1600 1024 1697 plures
1047 1596 1117 1669 sure
1137 1596 1244 1669 dubio

226 1702 346 1775 domus
371 1696 507 1801 dispersa
530 1695 610 1773 suit:
637 1722 668 1772 at
690 1728 791 1800 quum
811 1730 872 1774 voa
888 1704 994 1774 nihilo
1012 1707 1124 1774 minua
1140 1706 1244 1799 magi·

223 1806 286 1882 llra
310 1828 435 1879 tantum
453 1802 503 1879 vsa
520 1802 632 1887 fuerit,
653 1832 733 1904 quae
746 1804 926 1878 commode
943 1828 990 1878 tot
1006 1803 1182 1905 discipulas
1196 1807 1244 1879 lo·

222 1918 272 1985 cir
286 1910 457 1987 riisiuuc'las·
472 1911 649 2009 gubernare
663 1936 732 1980 non
748 1917 867 2009 potuit,
892 1911 1042 1982 credibile
1057 1908 1123 1993 εΗ,
1145 1938 1243 1984 roam

109 2088 112 2095 ,
190 2028 193 2033 ’
223 2016 359 2089 illarum
394 2012 523 2085 aedium
556 2019 758 2112 principem,
789 2012 960 2114 solertique
987 2010 1245 2087 niatrirfaniiliaa

129 2148 135 2159 “
228 2114 341 2200 fuisse,
366 2145 404 2191 ex
425 2144 524 2225 eaque
544 2116 583 2188 ad
597 2118 732 2214 reliquas
748 2114 854 2186 missas
870 2116 979 2200 luisse,
1001 2144 1081 2217 quae
1096 2144 1164 2215 pro
1180 2146 1246 2191 ma.

173 2220 177 2227 ¹
227 2223 325 2324 gislra
350 2223 470 2293 incolas
492 2248 603 2293 earum
627 2225 661 2290 in
680 2216 794 2290 officio
816 2227 1023 2293 continerent.
1085 2226 1245 2305 Mentiri.

97 2320 102 2328 ⁵
227 2324 382 2423 scriptum
397 2350 453 2395 me
464 2324 547 2419 apud
562 2321 701 2393 eruditor
717 2321 873 2423 quosdam
889 2329 973 2397 viros
987 2322 1109 2421 legisse,
1126 2328 1246 2400 ῚῊΟ·

163 2414 169 2426 ’
229 2431 357 2502 Mani
382 2428 864 2503 cnurrrum‘nnvit
886 2426 1060 2500 litrnnde
1083 2429 1246 2503 inmun

104 2554 110 2563 ’
229 2532 407 2631 virginibus
429 2528 519 2602 sacris
544 2528 776 2604 Niuellensrbur
797 2530 971 2630 reliquisse:
999 2560 1098 2631 quem
1119 2534 1245 2607 librum

230 2636 367 2711 leelurer
390 2632 542 2732 inspicere
561 2660 592 2705 er
615 2629 781 2705 consulere
803 2638 921 2709 iubent.
983 2640 1030 2707 Hi
1054 2633 1124 2707 line
1145 2636 1246 2711 dubio

229 2743 484 2816 ΤΗΟΜΛΜ
514 2734 618 2838 ipsum
642 2765 820 2839 numquam
847 2745 1035 2823 traciarum,
1067 2766 1188 2814 verum
1216 2749 1247 2815 iu

227 2845 372 2919 alioruin
396 2845 484 2917 libris
506 2844 617 2916 locum
639 2847 724 2926 eius,
754 2870 850 2941 quem
874 2842 1040 2925 dedimus,
1061 2853 1248 2941 generatim

224 2948 407 3023 indicarum
431 2953 637 3020 inuenerunt:
660 2972 699 3017 cx
720 2973 785 3046 quo
809 2946 930 3045 lepidus¹
954 2949 1008 3018 ille
1028 2974 1121 3018 error
1140 2949 1187 3022 de
1204 2951 1248 3023 bic

227 3057 324 3128 mille
339 3055 546 3150 Btguiuobar
561 3049 711 3150 singulari
734 3053 818 3123 libro
832 3050 965 3124 laudaris
979 3073 1069 3124 natur
1082 3051 1142 3126 eli.

670 3222 702 3318 §-
725 3225 797 3298 vu.

307 3353 528 3433 Niuelleosem
549 3353 752 3432 sodalitatem
771 3380 821 3432 tot
839 3357 1111 3461 consequebantur
1127 3387 1187 3460 per
1200 3381 1248 3436 to·

229 3483 301 3537 tum
323 3462 483 3535 saeculum
504 3465 603 3546 aliae,
627 3485 660 3535 vt
673 3464 868 3537 dinumerari
886 3466 978 3537 nullo
995 3465 1098 3537 niodo
1115 3489 1247 3566 queant.

229 3569 432 3665 Belgicurum
453 3572 517 3639 huc
538 3564 661 3640 saeculo
681 3573 864 3643 condamm
880 3575 1021 3668 origines
1037 3573 1144 3643 AVB.
1169 3575 1248 3642 Ml·

230 3672 401 3744 lint-:vs
421 3677 452 3741 in
465 3671 628 3752 Ouitiirts
649 3673 823 3767 Historiro·
837 3672 1066 3765 Diplomnticis
1083 3680 1181 3746 variis·
1200 3675 1246 3746 lo·

232 3779 294 3856 cir,
323 3778 381 3847 lO.
400 3776 543 3848 BAPT.
560 3779 712 3849 GRAM
725 3780 822 3849 ΔΥΕ
839 3783 871 3848 in
887 3776 1153 3873 Antiquitatibus
1167 3781 1245 3850 Bel·

229 3882 334 3974 gicis,
363 3880 641 3950 ANTONIVS
672 3884 973 3964 SANDERVS,
1010 3883 1111 3952 etalii
1133 3909 1246 3956 rerum

233 3980 434 4078 Belgicatum
458 3978 623 4076 scriptores
638 3990 792 4080 aperiunt.
848 3989 881 4056 ln
897 3989 1072 4058 Germania
1089 4007 1120 4055 et
1135 3987 1247 4058 Gallia

156 4079 160 4086 ’
233 4082 405 4182 quomodo
429 4087 592 4182 paullatim
613 4087 652 4160 ad
678 4115 793 4160 omnes
818 4085 884 4160 sere
907 4091 994 4162 urbes
1019 4087 1184 4188 progressa
1208 4088 1247 4164 lit

232 4191 313 4260 haec
334 4183 475 4271 futtilia,
503 4218 572 4263 nun
592 4217 690 4289 aeque
710 4195 824 4291 liquet.
858 4196 989 4277 chattis,
1013 4194 1188 4293 exquibus
1213 4191 1246 4267 id

231 4288 384 4390 cognosci
404 4291 512 4374 debet,
533 4298 568 4364 in
589 4292 697 4365 lucem
714 4295 861 4367 nondum
879 4299 1019 4394 prolatis.
1072 4305 1108 4367 ln
1123 4300 1249 4385 Gallia,

233 4402 378 4494 primum
399 4397 557 4493 Brguinnc
570 4401 708 4469 Lutetiae
723 4398 914 4472 l'arisiorum
929 4430 946 4471 a
962 4403 1140 4474 Ll'DOV
1153 4409 1163 4474 Ι
1175 4411 1248 4476 CO

234 4527 336 4585 nunu,
358 4498 424 4572 liua
437 4504 535 4572 stN
542 4503 615 4575 CT
622 4506 672 4588 0,
695 4503 782 4606 quod
796 4501 948 4605 superiori
964 4512 1033 4579 iam
1048 4512 1152 4606 capite
1166 4507 1249 4580 vicli·

1153 4637 1248 4702 mus,
