2850 5475
269 702 334 771 234
417 681 493 770 Cap.
509 646 608 749 ΙΙΙΙᾸ11
631 666 682 749 'De
694 679 870 768 Brgirnrdis
882 693 912 748 tt
925 680 1124 769 Beger'nabus

267 846 354 934 cium
377 848 601 933 er'numer'urn
626 850 870 958 lingbutdnrutn
893 853 1040 941 timide,
1062 854 1271 958 ideoquene-

266 959 435 1041 cellarium
456 958 565 1044 firiffe,
587 981 622 1037 ut
640 966 748 1037 homo'
768 989 810 1035 eo
833 967 1008 1036 mitteretur
1030 967 1216 1037 audioritate
1230 990 1269 1037 ac

266 1071 399 1167 ingenio
415 1066 582 1166 praeditus,
598 1072 652 1169 qui
666 1071 741 1167 prol
743 1067 826 1147 lintis
838 1093 920 1166 pene
931 1064 1078 1140 lintribus
1093 1094 1191 1167 opem
1206 1064 1267 1141 fer·

264 1192 330 1247 ret:
351 1169 404 1247 t'ed
425 1178 548 1246 omittit
567 1170 677 1247 tamen
696 1166 908 1271 illc'aliquid‚
933 1169 1023 1270 quod
1035 1169 1075 1244 ad
1091 1168 1210 1246 caussas
1222 1173 1267 1246 lc·

262 1274 400 1377 gationis
421 1296 489 1349 tarn
516 1274 643 1349 illustris
674 1274 770 1375 plane
798 1272 1018 1375 intelligendas
1039 1275 1126 1350 baud
1150 1304 1267 1375 parum

110 1463 114 1473 ,
262 1372 433 1481 madunt·
462 1379 552 1453 Salus
565 1372 714 1453 eculeiine
726 1386 761 1473 in
776 1383 840 1453 hoc
853 1385 990 1479 negotio
1002 1406 1078 1452 cum
1093 1377 1191 1454 salute
1204 1377 1269 1454 fra·

260 1484 347 1557 t'rtim
361 1482 623 1562 Mendicantium
644 1482 823 1567 nurnine,
836 1482 1008 1573 eofliundin
1026 1502 1102 1558 erat.
1151 1485 1268 1559 Multi-

258 1584 343 1661 t'udn'
363 1584 613 1687 Brgbardorurn
634 1608 665 1661 et
689 1584 942 1687 Apryloldrrirrr,'
957 1594 993 1665 in
1014 1589 1091 1662 vrbe
1112 1609 1143 1660 et
1163 1580 1265 1673 tradiu

259 1682 450 1790 Colonienll
469 1688 677 1794 degentium,
708 1718 779 1766 non
797 1688 902 1766 morlo
924 1692 1103 1791 plurimum
1124 1689 1264 1765 inuidiae

258 1796 486 1875 Domintcmis
499 1816 531 1870 et
545 1793 760 1871 franciscam
773 1792 856 1896 apud
870 1796 1029 1896 populum
1047 1796 1263 1896 comparabat,

257 1926 371 1981 verum
393 1906 508 1980 etiam,
539 1897 629 2000 quod
655 1900 740 1974 clare
764 1898 922 2002 significat
940 1897 1205 1999 Archiepiscopus
1227 1905 1263 1973 in

256 2001 346 2102 lege,
374 2030 471 2104 quem
486 1999 578 2102 supra
590 1999 759 2102 descripsi,
789 2009 872 2076 vitae
886 2001 1037 2077 alimenta
1054 2000 1262 2077 subtrahebat.

182 2180 186 2195 ,
256 2103 325 2207 ipsa
346 2132 465 2206 nempe
487 2107 617 2179 inilituti
638 2112 764 2180 nouitas
776 2127 808 2179 et
822 2106 982 2180 austeritas·
990 2105 1200 2181 colonienses
1214 2114 1262 2181 in·

194 2206 200 2235 ¹
255 2210 383 2297 vitabat,
396 2230 430 2284 vt
448 2212 635 2306 Begbardir
649 2205 902 2286 mendicantibus
915 2207 990 2283 dare
1003 2212 1149 2296 mallent,
1162 2207 1261 2312 quam

191 2320 195 2335 '
254 2338 370 2407 eorum
394 2316 543 2390 inimicis.
594 2316 703 2415 Quare
722 2311 898 2388 verendum
918 2335 1000 2398 erat,
1023 2337 1130 2393 neeut
1150 2313 1259 2392 solum

253 2438 396 2504 uertere,
427 2439 480 2492 aut
501 2414 617 2499 esurire
638 2438 827 2518 cogerentur
846 2420 1058 2494 Dominicani
1081 2439 1112 2493 et
1133 2418 1260 2493 Franci·

251 2516 356 2607 scant,
379 2520 440 2613 nili
454 2549 488 2596 re
512 2527 703 2595 timerentur
717 2525 879 2609 homines,
902 2543 1024 2596 tantum
1042 2524 1168 2598 malum
1187 2551 1257 2601 mo·

251 2626 373 2707 lienten
424 2623 635 2701 Colonienses
655 2622 877 2706 aduenientem
898 2627 1144 2712 SCOTVM‚
1169 2634 1258 2702 cuius

251 2726 454 2805 subtilitatem
475 2727 619 2816 uniuersa
638 2725 707 2806 fere
721 2718 850 2832 Europa
864 2730 1056 2818 celebrabat,
1076 2730 1257 2806 incredibili

247 2832 381 2935 ¹gaudio,
404 2861 585 2938 magnoque
605 2836 957 2936 pompa'excipiebant.
1011 2841 1116 2938 Atque
1141 2842 1166 2909 is
1189 2835 1257 2913 line

252 2965 346 3020 mora
360 2946 540 3036 negotium,
565 2946 652 3014 cuius
665 2936 768 3016 cauffo
783 2936 894 3014 millus
905 2959 980 3024 erat,
1005 2941 1256 3040 aggrediebatur,

249 3061 281 3115 et
298 3061 461 3140 proteruus
476 3043 650 3115 lunaticus
663 3042 841 3120 inuadebat.
875 3043 910 3117 ld
926 3046 1256 3121 wnDDtNGvs

115 3204 120 3216 .
250 3173 289 3246 ex
304 3142 509 3245 inscriptione
524 3141 657 3243 sepulcri
671 3153 736 3235 eiua
749 3149 893 3224 conllare
910 3145 1039 3233 iudicat,
1054 3154 1160 3250 inqua
1175 3152 1255 3223 baec

248 3256 329 3324 inter
343 3249 404 3324 alia
420 3250 584 3350 leguntur:
1197 3275 1199 3278 ·

303 3404 518 3501 Οοηιιριαιβ
534 3407 630 3497 uirgo
646 3404 750 3494 primi
759 3402 831 3501 fier
842 3399 912 3473 iube
926 3410 1088 3495 parantis,

351 3514 417 3607 fflc
433 3512 527 3585 tulit:
554 3510 603 3579 hir
615 3506 849 3606 lrrfiprneiin
863 3508 949 3578 dura
965 3506 1065 3578 nuit.
1138 3539 1144 3552 ·

249 3657 362 3757 Neque
376 3679 440 3754 ego
453 3656 528 3726 huic
542 3648 667 3726 iudicio
680 3646 774 3726 valde
786 3675 985 3752 repugnem,
1009 3646 1133 3725 rameru
1147 3651 1253 3738 uerba,

248 3757 414 3858 exquibus
429 3755 624 3842 trocefficir,
643 3752 909 3829 commodiffime
922 3749 963 3827 ad
983 3780 1097 3827 eorum
1117 3756 1255 3855 baarefin

249 3859 357 3935 referri
379 3882 523 3963 queant,‘
542 3865 599 3959 qui
624 3854 769 3938 sandlnn
798 3863 977 3959 virginem,
1006 3861 1254 3945 MARtAM,

247 3965 314 4038 line
333 3965 404 4040 labe
417 3986 447 4039 et
462 3965 585 4039 macula
601 3984 790 4063 conceptam
803 3958 884 4053 effe,
907 3962 1073 4061 negabant.
1125 3967 1251 4036 Verum

211 4115 213 4121 ,
246 4067 336 4172 spem
359 4098 514 4156 omnem,
538 4097 632 4170 quant
655 4075 691 4143 in
711 4095 753 4142 eo
772 4063 983 4142 colonienses
1006 4064 1252 4150 collocauerant‚

250 4180 412 4275 inopinata
433 4180 491 4248 viri
512 4177 595 4247 acuti
616 4199 707 4247 mors
726 4169 948 4272 intercipiebat
1000 4167 1129 4243 Eodem
1149 4176 1253 4259 enim,

246 4293 315 4382 quo·
325 4299 469 4363 venerat,
493 4303 590 4364 enno.
616 4274 731 4384 mense
743 4274 946 4362 Nouembri,
966 4269 1128 4353 Coloniae
1148 4271 1253 4377 supre-

245 4401 341 4460 mum
356 4381 444 4463 diern
461 4384 580 4468 obibat.

831 4584 833 4592 ·
957 4649 960 4654 .
1004 4630 1006 4637 -
1114 4567 1252 4680 turn.

151 4721 239 4821 ..ἰ
