2850 5475
180 612 188 629 =
273 675 340 764 ¹9⁶
422 622 603 770 Capfillll.
645 656 884 755 DeBeglaara'iis
897 608 1139 754 relegamus

230 802 1294 948 *werstanus-*amc

212 976 216 983 ’
349 978 358 987 ’
483 1015 694 1098 cnrvr
751 983 1086 1134 oynnrvu.

132 1144 141 1157 “
205 1116 232 1142 ”
280 1169 354 1243 nu
394 1166 743 1239 nnunnnnrs
783 1166 856 1233 nr
895 1119 1296 1234 nnavtunnus

407 1273 742 1366 unoscnsusrs
775 1274 843 1341 ns
879 1267 1163 1340 urnulam.

139 1646 142 1651 .
276 1563 461 1747 Exposui
486 1567 637 1663 hatiemu
662 1591 711 1639 res
735 1567 962 1664 Begainarm
989 1583 1021 1638 et
1039 1556 1295 1662 Beglrar'riorau

371 1675 494 1774 probati
508 1677 620 1758 moris,
634 1674 812 1745 hominum
828 1671 938 1744 ruultis
952 1664 1084 1769 quidem
1099 1663 1296 1754 inuisorum,

225 1756 232 1785 ⁸
268 1796 314 1851 -at
335 1785 461 1878 magnis
483 1782 580 1850 ctiam
601 1780 743 1876 patronis
763 1794 796 1846 et
813 1770 1031 1847 defensoribus
1046 1777 1221 1860 utentium
1244 1775 1295 1845 in·

282 1898 331 1954 ter
340 1878 504 1982 religiosas
516 1877 647 1983 quidem
663 1876 803 1959 familias
815 1868 1008 1950 Pontificum
1023 1878 1207 1950 aucloritara
1219 1900 1293 1948 non

281 1978 520 2083 recepturum,
539 2004 571 2056 at
596 1989 777 2083 patrocinio
799 2002 909 2055 tamen
928 1980 1122 2055 eorumdem
1145 1975 1294 2053 aduersus

282 2092 354 2160 vim
368 2107 399 2158 et
414 2085 540 2160 infidias
555 2093 777 2161 munitomm:
800 2082 998 2171 societatum,
1017 2110 1099 2187 quae
1114 2079 1238 2178 nmen
1252 2108 1294 2155 ex

283 2208 355 2263 toto
371 2189 538 2289 legitimae
554 2186 639 2262 haud
653 2212 754 2276 erant,
779 2194 861 2262 inter
874 2191 959 2262 licita
975 2209 1096 2272 tamen,
1115 2186 1247 2261 honesta
1262 2205 1294 2259 et

282 2297 330 2365 rei
346 2292 491 2390 publicae
504 2293 591 2367 vtilia
602 2295 744 2395 oollegia
759 2293 1017 2367 numerabantur.
1069 2283 1167 2373 Nunc
1180 2286 1222 2363 de
1234 2294 1294 2364 lro·

283 2397 425 2471 minibus
446 2401 531 2469 mihi
552 2394 726 2470 dicendo·
739 2396 786 2468 cll
802 2394 946 2471 eiusdem
961 2402 1124 2481 nominis,
1143 2414 1175 2467 at
1190 2391 1294 2467 diuer-

87 2524 90 2529 ·
134 2502 147 2540 ·'
283 2495 395 2573 filirmi
416 2504 559 2599 generis,
579 2525 720 2598 quorum
738 2497 928 2601 simulatque
948 2526 1057 2573 morer
1078 2502 1294 2598 etopiuiones

278 2600 511 2684 innotuerunt,
527 2607 582 2674 uis
600 2608 710 2698 omnis
727 2603 939 2688 Pontificum,
959 2602 1196 2687 conciliorum,
1216 2607 1295 2675 anti·

285 2704 415 2791 llirum,
435 2711 470 2778 in
486 2731 542 2777 eos
560 2710 664 2791 irruit,
688 2705 961 2785 necantelaeuire
973 2704 1079 2792 deliis,
1104 2732 1203 2807 quam
1220 2701 1293 2780 fun·

285 2806 368 2882 alima
382 2830 595 2906 carnerentur
607 2832 638 2883 et
652 2812 902 2911 exstirparentur.
945 2807 1172 2886 Obscuriffima
1185 2809 1294 2884 estex·

90 2925 95 2934 '
184 2973 189 2993 .
232 2975 236 2984 .
289 2908 599 2987 orsaelruinssettae
615 2915 762 2988 historia:
783 2936 930 2990 necante
943 2910 1293 3017 moquodsciamali·

153 3069 160 3078 .
287 3022 356 3116 quis
379 3018 536 3100 trnebras,
562 3021 675 3116 quibus
693 3014 886 3094 circumfusa
901 3018 963 3104 cll,
982 3015 1148 3117 dispellere
1164 3038 1293 3092 conatus

287 3118 350 3207 ell,
372 3119 487 3192 infiniti
508 3119 584 3192 licet
605 3122 798 3220 Regiorum
817 3144 849 3196 et
871 3125 1038 3221 Beguinas
1052 3148 1294 3196 commemora·

289 3222 407 3301 verint,
430 3243 461 3294 et
483 3243 551 3295 tarn
572 3230 652 3297 luris
672 3227 835 3302 Pontificii
851 3229 1051 3325 interpretes,
1069 3253 1167 3327 quarn
1182 3226 1294 3300 Hillo·

288 3331 355 3397 riae
369 3325 566 3398 Christianae
589 3324 766 3427 scriptores,
788 3350 819 3403 et
831 3328 996 3430 longiores
1008 3331 1225 3416 ethrmioras,
1243 3329 1294 3403 lo-

275 3455 366 3502 ‘cum
377 3435 424 3501 cis
438 3427 524 3500 haud
538 3430 692 3503 infimum
706 3439 787 3505 inter
800 3435 947 3534 publicos
962 3436 1132 3508 Romanae
1145 3431 1294 3508 eoelefiae

289 3531 395 3606 hollos
416 3529 570 3603 dederint.
619 3538 661 3606 Et
679 3539 800 3610 horum
823 3535 956 3637 quidem
978 3537 1077 3640 aliqui
1092 3535 1166 3611 ideo
1179 3565 1223 3616 ue
1234 3536 1295 3611 libi

158 3653 177 3730 ᾗ
288 3631 427 3733 quidem
449 3630 525 3731 ipsr,
545 3634 651 3708 multo
672 3646 780 3730 minus
801 3641 888 3727 aliis,
909 3647 945 3715 in
964 3639 1168 3742 expediendis
1180 3639 1296 3716 facilio-

291 3742 342 3810 nis
357 3739 447 3807 huius
465 3739 634 3810 rationibus
649 3736 824 3817 satisfacere
838 3766 1024 3844 potuerunt,
1042 3752 1115 3847 quia
1130 3741 1217 3819 libris
1230 3744 1296 3819 illis

293 3862 325 3912 et
345 3847 564 3914 monumentis
585 3863 767 3934 caruerunt,
793 3875 832 3923 ex
852 3850 964 3950 quibus
984 3854 1116 3935 certius,
1137 3876 1236 3950 quam
1255 3876 1296 3926 cx

260 4040 263 4053 Ι
294 3941 486 4042 quotidianis
498 3939 727 4045 scriptoribus,
747 3952 847 4050 qualis
867 3950 961 4038 elles,
978 3954 1091 4054 oolligi
1106 3953 1226 4054 postll,
1248 3980 1296 4027 ra·

296 4043 422 4119 riifirnis
437 4052 557 4147 quippe
571 4070 601 4122 et
614 4058 793 4134 maximam
805 4075 929 4155 panem
942 4056 1202 4133 nondumeditis.
1224 4057 1297 4132 Alii

138 4195 143 4208 ι
172 4217 176 4230 ,
295 4175 391 4233 vero,
416 4177 515 4251 quum
538 4153 769 4242 existimarent,
798 4157 839 4231 ad
860 4188 971 4240 vnum
987 4188 1089 4261 genus
1115 4166 1295 4236 hominum

180 4331 184 4336 ,
294 4256 426 4336 cunila,
446 4279 524 4352 quae
540 4251 580 4326 de
597 4260 784 4355 Regiordis
794 4282 827 4355 et
846 4266 995 4364 Begunis
1009 4266 1119 4366 scripta
1129 4266 1294 4366 leguntur,

294 4361 469 4457 pertinere,
491 4385 594 4457 neque
608 4368 693 4434 viarn
710 4384 741 4436 et
757 4363 897 4439 modurn
911 4390 1094 4455 comerent,
1117 4388 1165 4443 tot
1180 4365 1295 4441 discre-

262 4522 267 4533 .
291 4481 414 4602 pantes,
433 4466 541 4600 irnmo
562 4465 938 4572 pugnantersenteutias,
955 4493 993 4576 et·
1008 4470 1126 4549 iudicia
1147 4494 1293 4653 vem
1324 4541 1329 4548 .
