2850 5475
207 573 250 651 ⁴?
315 552 390 639 Cap.
409 553 438 621 Ι.
478 551 528 621 De
541 555 689 643 potestne
706 564 739 620 et
758 554 877 637 origne
894 502 1114 619 mistam

207 731 274 813 diu,
285 745 355 802 trum
369 728 511 801 mruibus
522 748 554 802 et
567 724 716 805 sermone
731 727 929 802 testabantur.
967 727 1144 822 Begerieae
1158 727 1226 797 eius

207 830 474 932 (illiciigiofir,
494 859 570 934 qoas
592 852 728 913 vocant,
750 828 885 907 familiis
906 855 974 904 nnn
994 847 1086 902 erant
1105 823 1224 899 adscri-

87 964 94 973 '
206 955 298 1035 ΡΝ,
324 963 384 1017 nec
396 938 468 1035 lege
483 927 790 1034 Pontificinfirernio,
811 959 843 1008 rt
860 941 966 1023 siunt,
990 944 1146 1016 exemisse,
1174 957 1224 1005 ve·

206 1066 294 1123 nrm,
320 1060 353 1114 vt
366 1043 467 1115 verbis
481 1047 547 1115 eius
561 1062 640 1124 utar,
665 1040 833 1137 insnerrrln
848 1039 1026 1128 exiliebant.
1079 1037 1162 1130 (ll.)
1179 1039 1223 1107 As

206 1145 346 1219 Lutetiae
365 1166 476 1219 rarnen
496 1142 701 1226 Parisiorum,
727 1166 758 1215 et
773 1143 840 1221 aliis
862 1149 893 1215 in
911 1145 1058 1221 franciae
1076 1140 1222 1223 urbibus,

205 1251 244 1319 in
264 1267 364 1321 cenas
382 1246 502 1327 domos
527 1244 719 1323 seeeffersnt.
773 1248 863 1339 (tlt)
889 1245 996 1317 Vellcs
1017 1238 1176 1342 pretiosas
1190 1262 1222 1315 et

206 1346 390 1448 splendidas
410 1350 477 1425 fine
497 1358 625 1427 animae
645 1350 789 1451 periculo
809 1349 920 1448 gellari
937 1343 1025 1447 posse
1043 1345 1220 1443 negabant.

206 1456 319 1554 anue
336 1482 371 1527 re
388 1457 493 1546 (llil.)
509 1456 642 1529 veslibus
665 1452 748 1554 ipsae.
763 1457 926 1529 srebanrur
939 1452 1052 1525 vilibus
1066 1470 1101 1523 et
1115 1445 1219 1523 sordi·

205 1554 267 1643 dis,
287 1559 483 1660 capillosque
495 1558 552 1632 srbi
567 1561 779 1657 amputabant.
817 1564 885 1647 (V.)
900 1560 978 1628 Non
995 1556 1136 1626 norisius
1148 1574 1219 1625 tan·

203 1679 287 1746 nrm,
308 1689 423 1739 venun
437 1690 570 1736 morum
588 1670 684 1736 etianr
698 1684 729 1734 et
743 1662 957 1734 inllirutorurn
973 1655 1145 1730 insolentia
1160 1682 1218 1756 po·

99 1832 105 1857 ,
203 1765 273 1865 puli
286 1767 398 1839 oeulos
412 1772 446 1837 in
458 1764 489 1839 ss
503 1788 697 1850 conuertere,
718 1787 748 1837 et
761 1762 928 1839 [arietinos
942 1760 997 1835 libi
1015 1766 1216 1859 opinionem

204 1865 348 1945 conflare
361 1869 544 1944 nitebantur.
595 1875 639 1964 (V
646 1873 688 1963 l.)
707 1871 820 1940 Verbis
837 1894 935 1967 porro
951 1861 1173 1963 superllitiosrs
1185 1882 1216 1935 et

205 1978 418 2051 acommuni
437 1971 589 2072 loquendi
609 1999 706 2046 more
721 1972 958 2049 abhorrentibus
974 1966 1101 2040 sarnam
1119 1963 1215 2041 subli-

205 2080 323 2146 mioris
335 2072 502 2174 sapientiae
514 2079 756 2175 aucrrpabanrur.
795 2077 966 2148 Librorum
983 2097 1117 2169 nempe,
1133 2096 1214 2171 quoa

204 2175 346 2279 seusticus
360 2186 548 2266 nominant,
572 2183 711 2261 sessione
726 2181 872 2253 mulieres
887 2179 960 2250 iliae
974 2182 1127 2248 anirnunr
1147 2202 1214 2275 pas·

204 2308 276 2354 uere
296 2283 483 2380 plenumque
506 2281 662 2358 solebant:
685 2311 725 2356 ex
747 2284 857 2385 quibus
873 2309 941 2363 non
957 2278 1062 2360 modo
1078 2276 1213 2353 dicendi

204 2380 329 2463 formas
344 2384 551 2463 adscisnbant
564 2386 762 2481 recondita&
785 2410 815 2461 et
830 2391 1033 2486 peregrinum
1050 2379 1212 2482 quiddam

80 2534 91 2551 ·
205 2508 239 2560 et
253 2486 425 2564 abstrusum
439 2488 595 2581 sonanter,
621 2490 674 2565 sed
687 2499 795 2576 crisos,
816 2488 903 2591 quod
918 2485 1002 2561 iosra
1016 2485 1213 2572 videbimus,

205 2598 376 2689 opiniones
384 2594 592 2670 vehementer
599 2593 789 2695 perniciosas
801 2616 831 2667 er
843 2592 933 2668 sanae
942 2593 1108 2690 religionis
1124 2616 1214 2691 prae·

206 2715 300 2793 cepta
311 2718 492 2774 eumentes.
531 2703 575 2792 (V
579 2702 633 2793 ii.)
648 2705 741 2771 Viror
755 2696 846 2796 supra
861 2718 980 2770 ceteros
995 2700 1119 2796 pietatis
1135 2720 1219 2794 erga·

204 2799 319 2871 Deum
333 2799 435 2873 iludio
449 2797 692 2884 seseeffrrentes,
708 2801 772 2874 fine
785 2805 961 2898 Beguiesn
974 2823 1004 2872 et
1019 2804 1052 2870 in
1072 2803 1124 2872 liis
1143 2803 1212 2874 Do-

205 2908 387 2977 minicanae
415 2910 448 2977 in
475 2911 586 3004 primis
611 2927 643 2978 et
667 2902 888 2979 franciscanae
908 2902 1051 2978 familiae
1069 2899 1213 2988 sodales,

104 3009 107 3014 ¹
206 3007 318 3086 erebro
332 3004 376 3080 ad
390 3008 551 3107 colloquia
566 3007 790 3081 admittebant:
823 3005 957 3080 sortassrs
967 3027 998 3080 tt
1013 3008 1212 3084 inuitabant:

205 3109 268 3187 Dei
289 3116 377 3184 enim
400 3118 522 3186 stoicos
543 3109 653 3185 diuelli
675 3112 768 3184 nullo
788 3110 892 3184 niodo
911 3108 1026 3182 debere
1044 3105 1212 3184 adseuera-

204 3211 298 3294 bant,
326 3235 357 3284 et
376 3210 559 3289 sanclorurn
580 3222 725 3288 uirorum
744 3214 1029 3298 consolationibus,
1059 3218 1213 3288 exhorta-

206 3316 345 3392 tionibus
364 3335 395 3387 et
420 3318 614 3391 insliturione
640 3315 672 3390 se
695 3325 729 3391 in
751 3318 811 3391 illo
831 3316 994 3396 sarrslioris
1015 3322 1096 3389 vitae
1118 3316 1212 3402 stan,

208 3415 292 3498 haud
311 3414 450 3516 indigere
465 3417 562 3518 porse.
595 3424 714 3515 (vrit.)
728 3425 776 3496 Ex
789 3420 890 3497 viduis
903 3422 1088 3497 conflabant
1100 3440 1135 3494 et
1148 3427 1211 3496 vir·

207 3521 344 3617 ginibus,
357 3549 491 3619 quarum
505 3525 671 3623 pleraeque
684 3531 822 3599 iuniores
834 3545 929 3600 erant.
979 3527 1106 3615 (Villi.)
1122 3530 1211 3600 turer

209 3618 316 3699 viduas
330 3623 400 3696 illas
413 3626 566 3719 quaedam
583 3624 643 3701 suis
658 3625 740 3726 ipsae
753 3631 865 3729 opibus
878 3626 941 3703 sese
955 3629 1210 3705 Morrachorum

207 3723 357 3802 offiano
378 3734 587 3824 proruerent,
610 3753 643 3805 vt
661 3738 772 3805 itinere
791 3731 829 3803 ad
851 3734 978 3809 coelum
994 3738 1099 3831 inagis
1114 3759 1212 3834 expe·

210 3822 280 3898 dito
298 3850 472 3904 iterenturz-
496 3861 628 3932 quarum
651 3835 874 3911 neceffitatibus
896 3836 963 3918 ilii,
986 3863 1066 3936 quos
1086 3831 1211 3912 ditaue·

210 3950 299 4011 rant,
322 3934 477 4005 Monaehi
499 3963 538 4009 ex
557 3943 684 4034 piorum
705 3941 878 4016 hominum
894 3940 1080 4013 liberalitate
1094 3934 1211 4016 subue-

210 4032 356 4112 niebant,
381 4036 532 4133 quosne
555 4038 661 4112 labore
683 4046 951 4140 ioBrgninnrrrm
965 4042 1151 4118 domiciliis
1164 4051 1212 4120 vi-

210 4161 284 4218 vere
300 4130 429 4233 possent-
478 4143 547 4234 (Χ.)
562 4145 638 4215 Non
651 4169 763 4216 omnes
776 4146 906 4245 quidem
922 4176 938 4219 a
953 4149 1063 4222 labore
1077 4144 1211 4223 auersae

209 4256 315 4307 erant:
331 4257 369 4350 at
389 4247 530 4328 maxima
547 4263 654 4326 tamen
666 4273 736 4350 pars
751 4254 855 4329 otium
868 4257 1009 4351 vitaeque
1024 4253 1211 4355 tranquilli·

210 4359 308 4410 satem
325 4343 512 4430 munior,
534 4373 588 4434 ae,
611 4374 675 4448 quo
689 4378 795 4423 rerum
810 4351 991 4429 diuinarum
1003 4360 1212 4456 contempla·

1124 4485 1212 4540 nom
