2850 5475
160 688 166 707 ·
221 649 231 743 ¹.
372 679 595 776 ¹Begrtinarrnn
616 698 721 747 noman
742 634 884 748 tumne.
1074 636 1171 769 14¹5*

131 855 265 948 nisiviri
289 861 397 956 inique
417 852 576 939 ferebant,
608 881 664 954 per
693 858 758 929 hoe
785 854 961 929 institutum
988 853 1138 933 libidines
1232 911 1236 923 .

130 956 213 1043 suar,
232 967 459 1061 virginumque
471 981 585 1058 raptus,
598 965 735 1032 coerceri
750 987 788 1033 ae
867 965 971 1035 tineri.
1025 968 1136 1035 Paren-

130 1086 180 1137 tea
191 1061 325 1166 plurimi
341 1063 502 1150 dolebant,
522 1062 603 1135 filias
618 1060 695 1147 suas,
715 985 868 1164 quarae

131 1186 224 1253 rant,
259 1188 292 1241 vt
311 1168 488 1269 placerent,
518 1189 607 1241 etex
632 1168 744 1269 quibus
766 1166 907 1266 polleres
925 1166 1134 1268 sperauerant,

131 1269 243 1371 spretis
262 1278 344 1348 virae
364 1271 502 1356 deliciis,
531 1293 562 1343 et
581 1297 714 1371 morum
740 1272 893 1371 elegantia
918 1270 1067 1372 sepofita,
1092 1271 1134 1347 ad
1215 1317 1217 1320 ·

132 1379 355 1474 Begninarnm
374 1375 552 1460 domicilia,
572 1396 735 1477 tamquam
757 1377 796 1448 ad
817 1374 941 1470 asylum
957 1374 1135 1477 quoddam,

133 1478 328 1565 conuolare,
355 1502 448 1582 atque
466 1477 688 1565 solitudinem,
718 1493 915 1582 precumque
936 1503 967 1552 et
984 1481 1133 1558 laborum
1167 1484 1171 1496 ’
1204 1478 1217 1561 .’

130 1579 314 1657 sonantem
337 1591 548 1658 matrimonio
563 1580 764 1684 anteponere.
813 1586 1031 1682 Beguinarem
1044 1591 1135 1660 enim

130 1692 213 1760 ratio
227 1715 327 1787 qoutn
343 1687 571 1761 multominus
585 1689 764 1761 ausleritatie
778 1710 809 1759 et
825 1686 977 1779 seruitutis
996 1689 1135 1776 haberet,
1192 1702 1196 1712 '

129 1790 373 1892 cultricibusque
389 1789 453 1864 suis
473 1792 577 1864 multo
596 1792 666 1890 plna
688 1792 838 1865 honestae
859 1793 1006 1870 libertatis
1020 1819 1134 1865 conce·

869 1064 973 1137 taliter
987 1063 1136 1138 educaue·
1226 1051 1228 1053 .
1263 1123 1266 1129 -

130 1891 236 1980 deret,
257 1922 354 1995 quarn
370 1891 683 1985 landlimonialium3
707 1890 772 1967 dici
786 1923 855 1968 non
871 1895 983 1995 potell,
1002 1902 1134 1995 quanto·
1157 1912 1159 1918 '
1249 1933 1251 1937 ·

130 2025 208 2100 pere
221 1999 344 2098 puellis,
358 1996 461 2072 salutis
469 2023 499 2074 et
512 2004 629 2071 virtutis
644 1994 834 2084 annnib'us,
848 2001 1134 2099 placareqquanta·

130 2129 194 2203 que
214 2109 379 2202 virginum
400 2109 497 2176 etiarn
517 2103 719 2201 locupletum
740 2100 926 2188 multitudo,
951 2108 1057 2176 inuitis
1081 2131 1133 2202 pa·

128 2208 288 2293 rentibus,
308 2203 347 2279 ad
363 2233 434 2279 earn
449 2206 618 2282 accederet.
670 2213 761 2305 Qrae
774 2205 799 2281 sr
813 2208 904 2280 bonis
918 2229 948 2281 et
962 2205 1133 2280 haeredita·

131 2310 211 2383 tibus
230 2308 307 2395 suis,
329 2310 415 2412 quod
428 2309 686 2387 sanclintoniales
699 2308 822 2395 solent,
847 2317 938 2383 certis
952 2309 1008 2382 fibi
1022 2308 1134 2385 studii·
1255 2335 1257 2341 ·

130 2415 187 2488 ben
209 2412 353 2500 seruatis,
371 2412 612 2500 renuntiassent,
634 2443 705 2488 rern
728 2438 852 2514 gratam
874 2414 941 2488 stne
955 2412 1055 2488 dubio
1072 2411 1133 2487 fra·

95 2566 105 2574 -
130 2520 246 2603 tribua,
268 2516 427 2592 sororibus
448 2544 478 2594 et
500 2525 642 2620 cognatis
665 2516 818 2592 fecissent.
871 2525 994 2593 Verum
1013 2545 1131 2592 omne·
1156 2606 1159 2621 Ι

128 2624 294 2720 Brgninoe
310 2651 417 2696 rerum
431 2621 555 2697 suarum
571 2623 770 2710 dominium,
785 2622 873 2723 spem
891 2621 1133 2711 haereditatum,
1196 2650 1199 2658 ’

129 2720 312 2800 facultatem
324 2725 478 2815 donandi,
499 2727 642 2812 tessandi,
665 2725 795 2828 legandi
808 2727 998 2801 retinebant:
1019 2731 1133 2828 quibua
1159 2755 1162 2764 ’

129 2827 249 2903 iuribus
273 2831 370 2930 longe
391 2830 476 2904 secus
490 2855 521 2904 et
534 2839 576 2903 vti
593 2831 766 2913 debebant,
787 2852 818 2903 et
831 2834 1012 2915 utebanmr,
1031 2860 1149 2932 quarn¹
1255 2896 1257 2899 .

129 2955 342 3030 cognatorum
364 2933 508 3005 voluntas
529 2931 655 3005 ferebat.
706 2932 855 3007 Mediam
874 2941 962 3006 enim
978 2941 1133 3010 omnium
1225 2977 1229 2991 ·

131 3035 292 3106 bonorum
318 3032 448 3106 suorum
463 3057 584 3133 partein
600 3033 755 3109 sodalitati
770 3043 837 3108 iure
850 3038 1027 3137 relinquere
1040 3036 1133 3111 debe·

130 3138 225 3210 bant:
249 3138 378 3210 alteram
403 3160 525 3235 partem
547 3136 691 3210 mediam
710 3139 877 3238 pleraeque
898 3161 950 3213 aut
970 3138 1135 3215 sacerdoti·
1199 3203 1203 3215 .
1251 3184 1253 3188 .

129 3244 205 3325 bus,
226 3243 339 3339 quibus
364 3248 545 3318 animarum
570 3269 679 3314 curam
704 3240 918 3327 crediderant,
949 3267 1001 3316 aut
1021 3251 1132 3319 amicir
1204 3296 1206 3299 >

130 3350 289 3445 veriorque
309 3342 413 3431 l‘exur,
444 3373 513 3420 nou
534 3345 704 3445 sanguine,
736 3344 788 3420 sed
811 3353 930 3445 pietatis
950 3347 1053 3421 nodio
1073 3349 1132 3422 sibi

129 3453 262 3535 iundlis,
281 3448 493 3550 aflignabant,
513 3474 565 3524 ant
578 3449 716 3548 denique
731 3452 918 3550 pauperibus
930 3450 1036 3551 largiri
1051 3450 1131 3527 sole·

128 3555 213 3627 bant.
265 3558 426 3655 Qaevna
442 3553 638 3628 consuetudo
654 3578 806 3654 quantum
823 3553 1132 3646 odiietinitnicitia-
1176 3565 1178 3570 ’
1220 3613 1224 3626 .
1269 3563 1272 3579 ’

128 3684 203 3731 rum
228 3656 388 3732 uniuersae
409 3665 530 3733 nationi
557 3685 666 3759 patere
687 3657 847 3743 debuerit,
873 3686 973 3732 nemo
996 3683 1062 3733 tarn
1084 3660 1131 3736 est

129 3766 349 3836 humanomm
369 3768 556 3837 animorum
578 3757 703 3845 inscios,
723 3770 800 3861 quin
825 3769 948 3860 optime
963 3762 1130 3863 perspiciat

128 3886 161 3939 et
184 3863 350 3966 intelligat.
407 3870 631 3964 Beguinarrrm
652 3864 947 3963 Hamburgenfium
969 3868 1069 3968 leger,
1090 3876 1129 3943 A.

134 3975 243 4055 1360.
271 3996 289 4043 a
317 3971 650 4053 GoDErnrDO,
681 3967 930 4068 Archiepiscopo
954 3970 1129 4058 Bremenli,
1178 4027 1180 4032 ,

127 4094 276 4172 rogatae,
299 4100 374 4143 curn
392 4075 503 4171 quibus
518 4076 657 4145 aliorum
671 4076 762 4143 huius
775 4081 898 4171 generis
912 4074 1129 4173 collegiorum

127 4177 214 4277 seges
228 4173 445 4263 consentiunt,
467 4182 546 4250 haee
558 4174 700 4267 sanciunt
715 4179 766 4273 *).·
800 4179 896 4248 Soror
909 4177 1041 4271 infirma
1048 4190 1129 4274 pot-

1083 4279 1128 4375 ‘st

170 4416 202 4494 e)
225 4410 1024 4504 Nicon.s'rneeronsrrrflinoriaeecleflan
1039 4415 1128 4475 Hen-
1210 4506 1212 4509 Ι
1269 4390 1277 4414 ⁸

157 4545 159 4549 .
213 4500 295 4581 ung.
311 4497 378 4566 vot.
393 4503 429 4566 11.
443 4502 555 4585 pon.
