2850 5475
114 551 263 687 ’ω
452 596 918 688 irritatio
986 602 995 623 ²

180 791 291 898 plura
310 789 375 903 alja
398 790 438 870 in
463 787 733 893 commenutio
756 811 979 894 tanguntur,
1017 810 1111 889 quae
1140 784 1186 871 ad

179 907 455 1011 lnquiiitionis,
487 933 598 1011 quam
616 927 774 1000 ¹rodant,
788 906 839 983 ¹in
862 905 1058 985 Germania
1084 904 1186 982 stabi·

181 1023 532 1131 lierdaeongines,
570 1020 780 1127 progreffius
803 1045 842 1129 et
860 1022 1049 1100 historiam
1076 1020 1186 1120 perti·

182 1164 288 1241 nent.
349 1141 435 1253 Qi
466 1140 573 1227 locus
606 1139 703 1223 haud
731 1139 844 1217 dubie
870 1138 1004 1242 dignus
1028 1135 1185 1232 videtur,

182 1278 296 1360 quem
320 1256 376 1337 vit
399 1255 581 1359 quispiam
602 1254 789 1355 eruditus,
817 1276 856 1335 et
879 1255 917 1332 in
940 1246 1120 1338 memnii.
1146 1275 1186 1331 et

182 1371 495 1474 consequentium
509 1370 659 1451 historia
677 1373 821 1451 nauiter
837 1371 1017 1472 versutus,
1043 1396 1186 1452 accura-

181 1483 443 1592 tius‘indagare
458 1513 501 1568 ac
516 1486 685 1592 persequi
700 1486 822 1593 podir.

79 1731 101 1802 ’ζ
181 1766 201 1809 ,ι
271 1717 331 1795 De
346 1717 470 1825 cauffir,
491 1744 563 1822 qut
580 1740 775 1822 permotus
791 1718 888 1797 libro
904 1716 1089 1822 duplicem
1107 1717 1187 1799 sub-

76 1933 78 1938 ,
133 1914 142 1927 ,
182 1828 366 1917 innuerim
393 1834 659 1937 appendicem,
688 1836 856 1936 pluribus
886 1834 1073 1939 disputare
1104 1860 1185 1912 non

181 1951 332 2039 ettinet:
369 1949 510 2051 quippe
531 1972 642 2049 quam
664 1946 802 2042 ineis,
831 1975 925 2050 quae
955 1951 1061 2054 supra
1092 1951 1187 2029 dida

182 2063 308 2162 sunt,¹
327 2064 490 2144 breuiter
513 2063 583 2140 iam
606 2061 779 2146 indicaui.
846 2065 965 2149 Priori
994 2091 1092 2176 opus
1115 2067 1187 2144 effe

183 2179 399 2274 credebam,
427 2201 468 2256 vt
481 2178 591 2258 telam
608 2180 791 2283 inceptam
807 2180 1090 2283 quodammodo
1105 2208 1187 2286 per·

181 2317 363 2395 texerem,
388 2321 459 2374 nec
476 2318 613 2390 retum,
632 2295 678 2389 ad
694 2295 914 2403 *Beghttdos
929 2298 1185 2402 Beguinasque

181 2411 472 2514 pertinentium,
498 2416 642 2491 exitum
668 2411 811 2497 mentio
842 2417 1184 2516 praetermitterem

183 2527 288 2627 Qus
313 2552 470 2604 menon
489 2526 661 2630 copiose,
688 2525 750 2605 sed
778 2527 940 2606 breuiter
963 2530 1188 2632 stridimque

184 2643 356 2739 narraffe,
389 2642 549 2746 pigebit,
587 2668 694 2744 reor,
730 2644 930 2725 neminem.
1004 2648 1183 2724 Posterio·

179 2785 262 2837 rem
288 2759 484 2837 neceffatio
510 2760 700 2861 requirere
722 2760 913 2841 videbatur
934 2787 1055 2840 rerum
1080 2785 1102 2841 a
1127 2788 1188 2840 me

178 2873 429 2978 expositarum
446 2874 553 2954 ratio.
610 2876 678 2954 Eas
700 2876 839 2954 tamdiu
862 2899 947 2956 tute
971 2878 1187 2956 memoriam

182 2993 344 3084 nostram
361 2992 486 3094 gestas,
496 2990 624 3094 ecquis
641 2992 766 3073 credat
782 3018 909 3074 reuera
926 2993 1100 3087 accidiffe,
1111 2993 1187 3087 nisa,

184 3133 278 3210 quae
305 3108 402 3192 dieta
434 3106 538 3206 sunt,
576 3133 623 3184 ex
654 3106 893 3186 documentis
921 3110 1029 3188 certis
1051 3133 1091 3187 et
1113 3110 1171 3186 fid

183 3227 335 3328 prorius
353 3224 476 3328 dignis
493 3221 588 3302 effici
604 3222 766 3324 cogique
781 3222 923 3300 videat?
965 3226 1079 3327 igitur
1094 3227 1151 3302 eiu

89 3399 94 3408 .
184 3339 291 3418 modi
311 3359 551 3442 argumenta,
581 3338 619 3413 in
643 3361 759 3416 vnum
784 3336 879 3439 quast
905 3338 1028 3418 locum
1049 3343 1139 3419 coad

184 3453 541 3554 ,exsttre‚oportuit,
570 3452 703 3532 necui
728 3453 927 3558 quidquam
944 3479 1103 3555 temere,
1131 3457 1144 3537 i

188 3569 415 3650 confiderate
423 3631 436 3674 ‚
466 3570 558 3675 quin
573 3566 663 3654 salso
678 3568 861 3650 affirmnffe
878 3571 1013 3678 videar.

152 3809 155 3814 ’
275 3802 444 3883 Iudicem
468 3801 630 3906 denique
646 3801 735 3883 huic
752 3802 846 3885 libro
863 3802 1021 3909 subieci,
1049 3828 1090 3884 tu

133 3929 139 3936 '
179 3916 328 3999 facilius
354 3920 478 4024 quaeri
504 3919 712 4025 et'reperiri
737 3919 875 4026 poffint
895 3911 958 4000 tot
981 3945 1020 4000 et
1040 3943 1087 3999 tar

186 4037 260 4116 riae
276 4061 355 4133 res,
379 4037 475 4140 hup,
506 4036 614 4137 illuc,
644 4034 841 4141 dispersae}
867 4061 948 4118 tum
967 4062 1009 4117 vt
1025 4038 1087 4116 hic

137 4150 144 4157 ’
176 4151 339 4257 reliquis
355 4153 460 4233 tibris
473 4153 755 4260 Moshemianis,
775 4151 897 4231 sarton
911 4152 1070 4258 prorsus,

187 4267 470 4378 quodammodo
499 4269 724 4373 conueniat,
767 4290 893 4374 neque
920 4270 968 4348 ab
998 4271 1055 4351 his

75 4527 195 4910 ns
303 4597 313 4620 ’
