2850 5475
271 712 339 783 μ,
423 690 499 777 οφ.
513 685 597 759 rrtr.
638 687 1129 782 augmentarent-nn
1268 654 1283 669 ’

275 860 494 946 defensoribus
523 862 563 940 ad
589 869 649 940 lror
674 865 885 968 limplicioree
914 868 1104 967 Btglrardos
1117 859 1283 957 'tranfintn

274 981 430 1080 quoniam
444 975 567 1074 utrique
580 967 776 1045 mendicitati
790 970 963 1057 lludebant,
976 994 1008 1044 et
1022 971 1109 1074 quod
1122 975 1281 1076 reliquum

272 1088 339 1163 dat
352 1081 517 1179 temporis,
538 1081 658 1177 pietatis
670 1075 798 1163 officiis,
814 1078 957 1178 precibus
971 1098 1003 1149 et
1016 1079 1283 1178 contemplationi

273 1182 428 1259 dicabant.
488 1186 595 1282 Itaque
616 1178 843 1253 damnatorum
864 1182 1114 1278 Brglrordoram
1139 1189 1282 1257 maxima

273 1312 372 1391 para,
384 1310 450 1384 quo
473 1279 504 1357 le
523 1281 666 1357 indicum
679 1306 710 1356 et
727 1282 954 1386 inquisitorum
970 1286 1116 1359 manibus
1131 1284 1285 1360 subduce-

273 1412 341 1483 ret,
358 1386 400 1462 ad
414 1385 666 1462 familiaritatem
682 1411 809 1474 eorum,
832 1389 943 1489 quibua
955 1396 1134 1488 Imperator
1146 1387 1285 1478 sauebat,

89 1586 92 1593 Ι
199 1494 213 1503 ’
255 1492 339 1575 ,ἶεῐε
353 1490 546 1576 intimabat,
569 1514 600 1564 et
611 1497 645 1566 iu
661 1519 764 1566 vnum
780 1519 856 1565 cum
873 1497 920 1566 bis
935 1518 1050 1593 corpur
1065 1494 1286 1594 quodammo-

275 1596 321 1674 'do
340 1595 456 1673 settlim
479 1590 681 1672 coalescebat.
733 1596 897 1670 Dolebant
910 1600 996 1671 bunc
1010 1597 1158 1673 ecclesiae
1171 1597 1284 1675 calum

205 1700 210 1716 '
272 1700 493 1806 lnquilitorer‚
517 1704 574 1802 qui
602 1696 760 1773 mandatis
788 1699 981 1775 Pontificum
1009 1709 1122 1775 armati
1148 1692 1286 1777 Germa·

273 1813 382 1893 niam,
401 1805 539 1906 aliasque
558 1810 706 1905 regiones
725 1807 949 1906 peragrabant,
969 1825 1000 1878 et
1018 1806 1165 1881 ecclcsiae
1186 1808 1284 1881 helii·

273 1912 332 1988 but
350 1907 592 1986 insidiabantur:
617 1905 671 1982 sed
685 1936 746 1980 nec
765 1908 876 2008 legum
900 1908 1139 1983 l'ontillciarum
1163 1911 1283 1987 inillis
1332 1972 1336 1979 .

263 2012 476 2114 ¹regionibus,
496 2034 577 2109 quae
598 2012 659 2083 Lu
669 2010 923 2083 DOVl'CVM
945 2014 1184 2099 reuerebantur,
1214 2043 1284 2090 ma.

275 2142 340 2219 grra
358 2124 425 2188 'erat
442 2116 629 2194 auctorita,
652 2139 713 2185 nec
734 2110 960 2213 inquilitorum
983 2113 1115 2215 inlignis
1130 2126 1283 2217 potentia.

275 2224 341 2319 Qui
363 2226 464 2321 qnnrn'
485 2215 677 2289 Pontificum
697 2228 822 2295 tanturn
839 2217 948 2290 litteris
969 2219 1110 2294 inlirucli
1126 2228 1283 2312 venirent,

275 2318 490 2421 caesamque
504 2317 790 2392 commendatione
803 2317 937 2394 dellituti
951 2319 1066 2407 effent,
1082 2328 1283 2425 magillratue

273 2420 423 2500 difficiles
444 2423 635 2524 plerumque
655 2423 876 2510 inueniebant,
897 2431 971 2525 quia
993 2429 1110 2501 iuribus
1130 2451 1162 2501 et
1184 2456 1283 2506 more

274 2521 519 2607 Gennanorutit
546 2532 590 2600 ita
620 2548 842 2627 comparatum
870 2549 953 2614 erat,
985 2551 1019 2604 vt
1044 2559 1105 2631 pro
1127 2536 1284 2634 legitimia

271 2635 356 2719 'ublli
379 2632 570 2706 haberentur
589 2629 844 2731 lnquisrtoribut‚
865 2631 926 2706 nili
947 2660 1026 2762 paor
1039 2634 1154 2709 Caesar
1166 2664 1282 2741 appro-

274 2733 387 2821 lra'ffet,
408 2755 440 2810 et
453 2740 664 2838 imperatorio
677 2734 857 2837 diplomate
871 2733 1063 2814 muniuillet.
1117 2744 1190 2816 Poll
1205 2771 1283 2820 con·

146 2849 150 2870 ¹
274 2839 484 2917 sociatione'm
501 2841 603 2925 illam,
627 2866 728 2941 quam
742 2838 894 2927 diximus,
905 2843 1063 2937 fratrum
1077 2849 1171 2918 liberi
1179 2845 1283 2945 spin-

273 2957 328 3020 nu
346 2954 378 3017 e't
399 2950 585 3043 paupertatis
607 2957 811 3033 amatorum,
832 2943 1003 3046 Brgltordi
1015 2950 1147 3023 milium
1162 2974 1283 3028 etcon·

273 3044 382 3134 fusum
401 3043 569 3147 'quoddam
590 3065 709 3145 'agmen
729 3061 834 3136 erant,
855 3048 943 3152 quod
955 3077 995 3124 ex
1012 3054 1201 3129 hominibus
1213 3086 1282 3158 par·

273 3157 335 3227 tim
347 3152 509 3224 conllabat
523 3156 663 3225 minime
678 3152 783 3235 malit,
795 3175 828 3223 et
840 3156 928 3224 nulla
941 3182 976 3225 re
987 3153 1060 3241 alia,
1075 3184 1173 3258 quam
1190 3188 1282 3235 naen·

266 3254 399 3333 ,dicitate
421 3250 491 3341 sua,
512 3252 662 3327 ecclesiae
683 3277 715 3328 et
736 3259 782 3327 rei
802 3252 949 3355 publicae
970 3256 1128 3352 molestia,
1158 3271 1278 3360 partim

272 3359 342 3448 aliia
355 3360 480 3433 occulte
494 3355 702 3433 fundamenta
715 3357 917 3459 publicatum
936 3358 1131 3459 religionum
1148 3369 1279 3438 corruel.

272 3462 424 3546 lentibus,
445 3484 476 3535 et
492 3450 694 3562 inllpientem
715 3460 893 3564 quamdam
911 3479 943 3535 et
955 3461 1165 3563 periculosam
1181 3472 1277 3567 picta.

132 3605 135 3612 ·
268 3557 342 3647 'tem
358 3572 392 3637 in
406 3566 504 3639 bonas
520 3585 550 3636 et
567 3566 744 3640 imbecilles
760 3577 882 3640 menter
895 3566 1173 3642 introducentibus.
1197 3576 1277 3647 Eiue

272 3676 319 3743 rei
336 3674 389 3770 qui
411 3667 506 3740 nescii
525 3664 613 3752 sunt,
636 3669 794 3745 rationem
817 3691 950 3755 eorum,
976 3677 1058 3772 ¹quac
1078 3673 1279 3754 CdROLl

270 3777 338 3848 llll.
353 3793 509 3869 tempore,
522 3767 721 3873 etdeincepr,
736 3777 968 3874 inBeglrardos
982 3774 1099 3851 sancita
1114 3777 1278 3855 etdecreta

271 3872 361 3958 sant,
380 3873 522 3959 reddere,
547 3896 578 3948 et
593 3875 859 3965 vicillitudinum,
885 3905 961 3978 quaa
975 3875 1143 3965 subierunt,
1161 3883 1279 3960 caullaa

276 3979 434 4080 explicare
451 3977 545 4053 nullo
558 3978 662 4053 modo
675 4003 834 4081 potemnt.
884 3982 1086 4071 Videbimus,
1102 3993 1278 4088 Imperato-

134 4137 146 4163 t
273 4083 343 4155 re‘m
357 4104 388 4156 et
401 4082 569 4159 Pontilicer
579 4109 690 4184 graues
703 4114 823 4186 poenas
838 4091 870 4157 in
884 4110 998 4158 omnes
1005 4089 1197 4187 Btgltnrdos
1213 4091 1279 4167 line

253 4241 258 4250 -
274 4193 461 4285 exceptione
482 4185 622 4275 llatuere,
644 4210 676 4263 et
696 4191 815 4264 domos
833 4190 978 4292 bonaque
991 4197 1277 4293 euroin-publicari

275 4290 375 4363 uelle:
406 4313 437 4363 at
457 4291 635 4366 videbimur
650 4295 762 4393 paullo
783 4294 870 4393 poll,
892 4296 1080 4371 l'ontiliccm
1096 4299 1136 4372 ad
1150 4328 1274 4400 cogno·

272 4392 422 4469 scendam
441 4398 693 4491 Beglrardorum
706 4395 844 4472 caullam
860 4395 1026 4497 episcopos
1040 4410 1185 4488 excitare,
1202 4431 1275 4501 pro·

274 4497 395 4606 bosque
415 4500 609 4601 Begtardos
626 4498 695 4608 fine
715 4504 921 4594 allariniaria
944 4502 1056 4582 fouere
1076 4532 1109 4583 et
1130 4510 1275 4595 tolerare,

344 4637 365 4648 ··
723 4599 750 4652 ³·
1161 4612 1271 4689 malos
