2850 5475
167 650 173 664 ‘
302 674 363 753 nr
530 604 1023 750 mantuanorum

207 822 212 829 ι
299 847 363 916 eiaa
383 841 605 942 peragrabant,
626 834 766 924 nouam,
784 835 1002 941 ¹'eamdemque
1017 828 1185 914 abstrusam
1207 849 1305 940 pieta·

299 953 340 1020 tir
359 937 503 1018 formam
526 948 771 1043 praecipientes,
793 962 824 1016 et
840 940 1033 1044 lingulattm
1051 942 1304 1024 sandlimoniam

297 1047 466 1134 sermone,
491 1050 596 1139 vultu,
619 1049 750 1132 vellitu,
777 1050 922 1120 moribus
941 1068 972 1120 et
990 1053 1069 1122 vitae
1081 1051 1187 1122 habitu
1204 1051 1304 1147 profi·

295 1175 413 1239 tenter,
438 1160 491 1253 qui
506 1153 558 1227 vel
574 1151 632 1252 ipsi
645 1154 897 1252 Beglrarriorun
913 1150 967 1224 libi
988 1178 1110 1227 nomen
1124 1148 1302 1241 sumebant,

250 1349 251 1353 Ἰ
295 1258 348 1332 tel
368 1285 386 1330 a
408 1258 519 1357 plebe,
543 1282 624 1357 quae
645 1262 680 1330 in
700 1258 853 1332 omnibus
874 1257 1065 1330 vocabulum
1080 1254 1160 1330 illud
1174 1284 1299 1358 ponere

293 1358 416 1437 solebat
429 1357 657 1467 perfedlimem
673 1360 796 1460 vulgari
811 1367 958 1460 pietatem
976 1357 1203 1446 affectantibus,
1217 1369 1301 1435 acci·

292 1467 432 1566 piebant.
491 1464 527 1540 ld
552 1491 652 1565 genus
670 1490 774 1566 quum
795 1490 865 1542 non
887 1461 990 1538 modo
1009 1464 1101 1539 valde
1120 1465 1298 1540 molellutn

222 1646 225 1650 ,
294 1565 371 1643 tffet
385 1570 528 1670 populis,
547 1594 685 1671 qnorum
703 1595 742 1642 ex
758 1566 853 1643 donia
871 1565 996 1643 saturari
1017 1570 1157 1652 uolebat,
1182 1596 1297 1644 verum

214 1670 219 1687 “
292 1678 390 1752 etiarn
415 1668 557 1748 sublimis
575 1670 741 1752 cuitndam
761 1671 929 1773 sapientiae
948 1695 980 1747 et
1002 1670 1125 1753 santiae
1145 1674 1297 1747 libertatis

290 1780 366 1853 velo
390 1774 521 1879 pellrma
543 1775 635 1880 saepe
652 1777 772 1876 flagitia
786 1799 818 1851 et
839 1773 975 1853 nefarias
989 1777 1137 1855 libidines
1150 1799 1297 1870 ornaret3

145 1970 149 1975 .
290 1882 402 1957 multia
431 1880 606 1989 seueriaque
630 1882 845 1956 conciliorum
873 1902 912 1956 et·
927 1879 1151 1981 episcoporum
1171 1881 1295 1979 legibue

160 2046 163 2055 .
242 1978 246 1993 ’
288 1982 551 2090 proscribebatur}
608 1990 731 2063 Earum
762 1986 873 2086 legum
898 1984 1023 2083 pondua
1050 1986 1175 2058 nostros
1196 1991 1294 2058 eriam

286 2091 481 2189 Btgirardor
502 2092 681 2190 premebat,
706 2089 772 2165 siue
783 2087 871 2192 quod
883 2087 1133 2162 familiaritatem
1149 2115 1225 2161 cum
1241 2085 1295 2161 da·

169 2200 177 2219 '
286 2184 416 2267 nrnatir¹
429 2195 636 2295 Brglrnrdir,
661 2222 679 2266 a
700 2196 812 2294 quibus
840 2191 933 2274 valde
959 2214 1068 2266 tamen
1092 2189 1293 2279 differebant,

144 2294 147 2299 ’
286 2298 357 2371 non
381 2296 515 2397 prooide
537 2295 608 2372 satir
632 2295 882 2398 fugerent,·line
896 2295 1219 2400 quodcommunitas
1233 2322 1292 2369 no·

287 2403 387 2477 minis
412 2409 553 2482 incantos
579 2400 692 2501 legum
715 2399 859 2481 eussodee
886 2407 920 2480 in
948 2427 1093 2475 errorem
1121 2397 1291 2473 induceret.

284 2503 401 2580 Palllnr
423 2511 511 2597 enirn
534 2501 686 2579 domibus
706 2501 769 2578 suia
790 2505 1050 2590 exturbabantur,
1082 2527 1113 2577 et
1131 2507 1217 2584 bona
1239 2528 1292 2576 eo·

232 2652 243 2667 ε
283 2634 372 2692 nrm,
394 2629 560 2710 tamquam
577 2613 753 2682 hominnm
769 2604 925 2682 infamiae
937 2628 1012 2681 nota
1030 2608 1219 2689 innliomm,
1233 2633 1290 2704 pu·

284 2712 490 2791 blicabaittur.
529 2713 601 2787 Poll
615 2718 703 2785 initia
715 2709 833 2785 deinde
846 2709 1063 2813 consequentis
1076 2708 1192 2787 saeculi
1202 2715 1290 2811 prin·

270 2825 357 2918 'nepa
380 2815 656 2895 lluenionenlium
677 2816 887 2901 Pontificum,
911 2820 1163 2892 CLEMENS
1186 2824 1226 2889 V.
1245 2815 1288 2887 la·

134 2969 138 2978 ·
282 2942 328 2997 tas
344 2918 467 2997 dudum
481 2921 521 2994 ab
537 2917 690 3023 episcopia
704 2924 899 2995 Germaniae
911 2940 942 2993 et
955 2920 1080 2995 Galliae
1093 2925 1127 2993 in
1139 2939 1288 3019 vaganter

282 3026 359 3100 illor
376 3025 578 3124 Btgiardnr,
603 3050 781 3123 eorumque
800 3021 941 3107 sorores,
966 3026 1014 3096 na
1058 3028 1142 3107 inas,
1164 3019 1286 3096 senten·

202 3136 209 3153 “
283 3134 341 3206 tias
365 3134 398 3203 in
419 3127 562 3206 concilio
581 3125 775 3212 Viennensi,
801 3149 833 3201 et
853 3128 925 3227 poll
944 3049 1287 3211 illudiconlirmabat,

281 3234 472 3331 turbamque
495 3232 587 3310 illatn
607 3252 773 3333 tamquam
789 3229 977 3332 portentosis
992 3230 1199 3330 opinionibus
1216 3228 1286 3330 pol·

281 3335 402 3419 lutam,
428 3338 508 3408 binis
530 3335 650 3433 legibus
672 3333 818 3407 radicitus
837 3335 999 3435 exllirpari
1022 3335 1156 3408 iubebat.
1207 3338 1287 3434 Qi-

281 3441 337 3513 brit
353 3442 483 3540 legibue
511 3440 686 3512 Pontificiis
709 3438 936 3539 promulgatis,
963 3440 1079 3541 vbique
1099 3437 1284 3511 nollrorum

279 3544 544 3644 Bagiatdorum,
564 3546 791 3641 Beguinorrun
811 3569 939 3645 quoqne
964 3569 1038 3618 curn
1066 3541 1130 3616 illis
1156 3538 1287 3616 sociata·

281 3674 376 3732 rum,
407 3647 570 3720 calamitae
591 3648 777 3747 augebatur,
806 3647 948 3720 hollibus
968 3673 1083 3719 toturn
1108 3672 1148 3719 ex
1174 3647 1286 3719 CLE-

279 3753 490 3826 MENTlS
510 3748 643 3825 decretis
663 3748 867 3832 occalionem
886 3751 1097 3851 capientibus,
1125 3746 1205 3822 odio
1226 3747 1284 3824 suo

279 3850 349 3929 satis
371 3850 527 3939 faciendi,
545 3876 576 3926 et
591 3860 776 3927 innocenter
791 3882 866 3927 cum
881 3859 1004 3941 noxiis,
1030 3854 1161 3927 obtentu
1175 3859 1283 3927 nomi·

278 3965 347 4043 nis,
371 3955 515 4032 vexandi.
567 3954 1080 4040 SucoefforCLEMENTlS,
1102 3959 1284 4031 lOHAN·

224 4105 230 4126 r
278 4065 375 4138 NES
398 4067 494 4136 xxu.
518 4089 617 4136 nouas
643 4066 718 4135 huie
740 4061 827 4134 bello
846 4059 931 4137 lanea
950 4060 1148 4145 subiiciebat,
1177 4085 1282 4159 quum

278 4171 314 4245 in
335 4164 464 4246 rebellet
484 4163 730 4247 franciscanos,
754 4171 809 4266 qni
823 4161 965 4240 seueram
981 4163 1157 4240 conditoris
1174 4160 1221 4237 sui
1238 4192 1284 4237 ra·

301 4269 387 4343 ulam
404 4276 545 4371 mitigari
559 4299 578 4344 a
594 4269 748 4344 Pontifice
763 4269 932 4354 nolebant,
950 4268 1157 4345 trillitiimam
1173 4267 1281 4367 legem

276 4296 380 4456 ienet.
431 4381 473 4449 Et
487 4379 547 4448 hoa
561 4373 672 4473 vulgus
686 4378 883 4472 Btgbetdos
895 4370 946 4447 seu
960 4375 1138 4472 Brguinor,
1152 4373 1282 4471 amplia·
1343 4428 1344 4431 η

276 4474 376 4566 imae
387 4481 548 4586 potestatis
562 4477 732 4567 tumbula,
743 4484 915 4563 nomnen
925 4474 1060 4559 solebat:
1079 4503 1146 4585 quo
1158 4473 1283 4600 idcircp

1174 4605 1283 4666 mim·
