2850 5475
300 709 362 774 162
404 704 538 792 60de
580 702 917 801 Demetieribas,jquae
930 705 1049 790 primae
1062 706 1199 771 amnium

299 902 490 983 regerentur.
522 878 636 954 Eidem
652 898 778 980 peccata
793 868 1025 952 confitebantur
1039 881 1221 981 Btgniuar,
1238 905 1309 977 pro·

298 994 374 1087 prio
395 985 518 1083 templo
538 1005 569 1056 et
590 991 771 1057 animarum
789 981 918 1055 callode
935 1005 1064 1082 propter
1083 988 1192 1083 gregis
1206 990 1310 1081 parui·

277 1080 281 1085 ¹
301 1109 398 1162 tatem
425 1088 592 1161 destitutae.
658 1092 721 1160 Res
745 1089 800 1160 isle
820 1093 963 1159 minores
981 1114 1020 1160 cx
1041 1084 1104 1158 sno¹
1119 1083 1189 1157 sine
1210 1084 1309 1159 dubio

224 1246 236 1257 -
301 1188 403 1278 sensu,
415 1189 582 1265 accedente
595 1188 743 1263 sororum
756 1213 1022 1289 congregatarum
1036 1186 1204 1289 suffragio,
1220 1218 1307 1262 com·

299 1296 440 1397 ponebat
454 1319 484 1367 et
498 1293 681 1369 ordinabat:
701 1302 733 1367 in
751 1299 935 1378 maioribus,
953 1322 1065 1395 quum,
1090 1296 1179 1369 verbi
1193 1291 1307 1378 caussa,

199 1392 206 1404 ⁸
256 1438 271 1480 .·
300 1428 406 1474 nouae
422 1400 505 1499 leges
526 1396 691 1482 ferendae,
715 1421 831 1472 veteres
846 1396 1055 1498 abrogandae,
1076 1394 1239 1471 sororibus
1257 1398 1309 1470 ali·

302 1501 380 1605 quid
395 1501 624 1575 remittendum
642 1499 732 1584 esset,
752 1500 902 1575 sententia
919 1509 1001 1584 eins,
1024 1528 1124 1600 aquo
1139 1502 1308 1574 auctorita·

302 1625 370 1680 tem
392 1602 481 1679 suam
502 1628 678 1706 acceperat,
702 1605 856 1677 audienda
878 1626 951 1676 erat.
1012 1610 1133 1676 Fatum
1156 1600 1307 1678 sororum

301 1732 356 1783 aut
370 1716 526 1792 mixtum,
546 1732 598 1782 aut
611 1737 727 1808 anceps
741 1706 834 1781 suiss'e
847 1707 986 1782 videtur:
1006 1705 1092 1806 qnod
1108 1733 1147 1781 ex
1161 1733 1203 1780 eo
1218 1708 1308 1782 colli·

302 1841 358 1915 ga,
381 1820 464 1913 quia,
489 1842 587 1914 quum
606 1814 690 1912 leges
704 1811 947 1884 confirmandae
959 1807 1073 1894 essent,
1086 1838 1164 1910 quas
1177 1816 1307 1886 audiore

302 1939 446 1990 curatore
461 1915 517 1988 suo
532 1917 588 1988 sibi
603 1914 804 2015 scripserant,
829 1943 898 1988 non
912 1917 1025 1985 iudicis
1038 1935 1160 1987 tantum
1178 1916 1308 2012 Episco-

299 2027 337 2114 pi
351 2041 382 2090 et
396 2022 528 2090 Prioris
544 2024 858 2106 Dominicanorum,
885 2044 996 2092 vetum
1010 2024 1106 2089 etiam
1130 2018 1308 2115 Tbesaara·

304 2127 350 2193 rii
357 2122 468 2205 urbis,
491 2123 591 2193 ciuilis
614 2122 697 2194 haud
720 2122 815 2196 dubie
828 2123 1040 2221 magislratus,
1059 2119 1173 2219 sigillis
1187 2148 1240 2195 eas
1254 2123 1307 2195 ob-

199 2252 203 2263 ·
304 2221 423 2323 signari
438 2247 468 2296 et
483 2232 680 2296 cornmuniri
694 2228 853 2299 curabant.
901 2232 973 2298 Hac
985 2225 1185 2323 magistratus
1196 2227 1307 2298 urbani

305 2328 537 2427 approbatione
558 2355 636 2427 opus
659 2327 715 2400 libi
738 2327 800 2400 esse
823 2328 897 2401 ideo
919 2325 1115 2413 iudicabant,
1142 2335 1219 2428 qnia
1241 2330 1306 2403 fieri

305 2428 398 2532 posse
412 2431 653 2532 praeuidebaut,
671 2454 703 2505 vt
718 2462 734 2504 a
750 2431 918 2516 sororibus,
935 2429 1113 2504 societatem
1128 2433 1306 2533 relinquen·

308 2537 408 2618 tibur,
434 2537 484 2609 vel
503 2564 541 2609 ex
556 2565 591 2607 ea
608 2556 736 2634 propter
748 2535 865 2609 delicia
882 2534 1027 2620 exmrsie,
1048 2535 1160 2633 legum
1178 2538 1306 2609 illarum

308 2645 449 2711 nomine
470 2637 553 2739 apud
578 2660 755 2738 praetorem
778 2637 1008 2712 accusarentur:
1051 2645 1104 2738 qui
1132 2631 1308 2713 secundum

310 2740 486 2815 accusantes
501 2740 744 2840 pronuntiasset,
763 2743 788 2815 si
805 2745 890 2843 leges
910 2744 983 2815 illae
1003 2739 1104 2815 inscio
1124 2745 1308 2843 magislratu

307 2847 390 2920 latae
412 2843 548 2918 fuissent.
614 2854 842 2946 Quacumque
865 2868 1006 2918 maturae
1027 2851 1131 2919 aetatis
1153 2845 1309 2921 sodalitati

308 2952 436 3023 volebat
450 2948 600 3033 adscribi,
629 2952 693 3034 illi,
716 2978 809 3022 rnore
828 2948 1140 3034 sarrr‘limonialium,
1163 2977 1310 3025 annuum

307 3052 538 3126 concedebatur
551 3051 685 3152 spatium
701 3052 808 3126 secum
823 3051 1035 3135 deliberandi,
1058 3076 1088 3124 et
1107 3050 1161 3128 vsu
1184 3054 1257 3154 ipso
1269 3052 1312 3127 di·

307 3154 433 3239 scendi,
448 3180 553 3229 utrum
568 3185 692 3229 nouum
710 3156 789 3228 illud
806 3164 886 3230 vitae
898 3183 999 3256 genus
1014 3153 1096 3228 serre
1113 3153 1237 3254 posset,
1254 3186 1311 3232 nec

308 3267 370 3331 ne?
421 3264 509 3358 Quae
530 3282 679 3332 currente.
692 3264 757 3332 boc
777 3286 865 3332 anno
880 3260 1075 3333 voluntatem
1096 3262 1259 3347 mutabat,
1278 3290 1312 3333 ea

309 3363 410 3433 libere
431 3389 507 3433 cnm
532 3365 701 3447 omnibm,
727 3391 809 3462 qnae
828 3364 987 3457 attulerat,
1011 3365 1102 3435 benis
1123 3362 1312 3446 discedebat,

308 3465 444 3538 modico
459 3471 642 3549 conuiclus,
668 3493 734 3566 quo
747 3465 798 3539 vsa
813 3489 895 3553 crat,
919 3474 1021 3564 pretio
1041 3465 1179 3540 societati
1199 3496 1311 3542 nume·

308 3589 386 3639 reto.
437 3572 526 3655 Quae
540 3595 616 3641 vera
631 3575 663 3640 in
680 3568 1088 3669 propositoperseuerabat,
1101 3568 1211 3670 elapso
1227 3598 1312 3646 anna

308 3672 521 3755 veslimentis,
542 3674 723 3766 Beguianm
740 3673 936 3756 decentibus,
964 3672 1101 3748 solemni
1121 3680 1202 3759 ritu,
1227 3703 1313 3775 prae·

185 3797 195 3806 ·
307 3771 410 3858 sente,
435 3773 503 3846 fine
519 3773 635 3860 dubio,
656 3779 830 3861 Curatore,
856 3775 1055 3861 induebatur,
1076 3798 1110 3848 et
1125 3781 1311 3879 Magistrae,

308 3884 437 3976 eiusque
451 3885 600 3978 vicariae,
625 3876 840 3954 obedientiam
856 3910 894 3955 ex
908 3877 1099 3980 praescripta
1113 3880 1227 3982 legum
1245 3883 1313 3985 pol·

309 3979 468 4053 licebatur.
520 3988 661 4055 initiatae
682 3980 864 4057 facultatem
887 4013 955 4058 non
969 3986 1153 4060 amittebant
1170 3989 1312 4089 collegio

198 4088 220 4102 “
309 4077 475 4183 deincepi,
498 4083 668 4171 livellent,
691 4086 841 4161 exeundi:
869 4112 900 4162 at
914 4090 1014 4172 bona,
1034 4116 1114 4189 qnae
1127 4114 1311 4191 appartene-

308 4208 394 4271 rant,
424 4194 535 4286 exigua
556 4216 665 4261 earnm
692 4213 778 4289 parte
797 4191 923 4275 derata,
950 4190 1075 4265 auferre
1092 4191 1203 4269 seeum
1227 4192 1309 4270 baud

307 4311 461 4387 poterant.
514 4295 591 4363 Non
607 4290 728 4378 dubito,
744 4301 821 4392 quin
835 4292 910 4368 dura
924 4299 1003 4367 baec
1017 4320 1048 4370 et
1064 4302 1097 4369 in
1111 4303 1230 4396 primis
1244 4327 1310 4374 mo·

306 4392 382 4464 lesia
398 4395 447 4466 lex
462 4399 676 4491 querimonias
693 4395 783 4494 saepe
797 4420 889 4497 atque
901 4400 971 4470 liter
984 4406 1155 4499 pepererit.-
1194 4411 1322 4479 Hune·

303 4495 364 4571 tta
384 4517 562 4598 pissaeteree,
586 4524 665 4599 quae
685 4498 791 4602 egredi
806 4497 972 4591 ‚sodalitate
993 4503 1160 4596 uolebant,
1181 4507 1311 4588 consilii

375 4671 382 4682 .
739 4675 757 4686 ..
1265 4609 1319 4689 sui'
