2850 5475
184 698 188 705 .
247 740 250 747 1
304 684 310 699 ι
424 592 604 743 profit-ipsis
624 653 655 713 et
675 644 843 761 domiti
911 757 914 770 ‚
1067 660 1136 751 277
1200 732 1204 740 1

204 917 356 1004 Solebent
372 824 797 1024 Begbaroi,§illllsnlilime,
820 932 875 1030 qui
895 919 1044 1008 facultate
1064 951 1133 1002 non
1213 860 1217 877 Ι

131 1053 221 1111 eram
235 1031 369 1132 praediti
390 1037 505 1105 utentis
521 1029 591 1107 suae
605 1029 691 1109 sense
705 1029 904 1132 explicandi,
930 1050 961 1121 et
975 1030 1055 1104 alios
1068 1052 1136 1105 ver:
1294 1061 1297 1067 ·

130 1140 179 1214 bit
201 1135 358 1222 docendi,
379 1163 435 1236 per
456 1133 575 1213 domos
595 1160 625 1211 et
648 1143 825 1237 prouincias
840 1143 902 1221 ire,
926 1156 1018 1232 atque
1034 1139 1136 1234 magi·
1190 1211 1192 1215 ,

131 1243 271 1320 strorum
284 1238 414 1316 suorum
429 1240 538 1327 libros,
563 1268 643 1343 quos
659 1239 766 1316 secum
781 1239 934 1326 serebant,
957 1230 1153 1337 opificibus'

132 1346 349 1431 mulierculis,
370 1343 497 1420 rudibus
512 1367 543 1419 et
556 1345 695 1426 indutiis
711 1347 909 1430 horninibus,
931 1344 1057 1444 publice
1071 1347 1134 1443 pri·

130 1455 293 1550 statimque
309 1450 498 1550 praelegere.
548 1452 663 1551 Neque
677 1479 831 1551 umquam
845 1455 895 1524 his
908 1447 1078 1522 ledioribus
1097 1472 1134 1519 ea

130 1573 250 1639 aetate,
269 1581 329 1654 qua
351 1553 451 1627 cultus
462 1560 532 1629 ¹Dei
544 1556 696 1654 publicus
713 1560 918 1631 caerimoniis
933 1569 1015 1653 totus
1032 1554 1135 1623 conti·
1201 1574 1205 1584 ·

131 1659 281 1746 uebatur,
306 1678 337 1730 et
351 1655 527 1758 paucissimi
548 1656 745 1736 sacerdotum
761 1657 802 1732 de
818 1657 941 1759 populo
957 1650 1134 1729 erudiendo
1163 1710 1166 1717 -

131 1762 332 1860 cogitabant,
354 1767 436 1837 inter
447 1784 497 1836 tot
508 1764 607 1837 bonas
623 1769 765 1845 animas,
789 1760 893 1836 salutis
907 1757 981 1833 suae
993 1754 1136 1857 cupidas,

131 1863 290 1939 auditores
308 1863 452 1939 deerant:
478 1872 531 1967 qui
551 1863 900 1968 quidem'saepiffime,
920 1862 1135 1965 quae-«turibus
1183 1929 1186 1941 ,
1231 1925 1239 1936 .
1331 1880 1340 1887 ’

131 1990 334 2069 acceperant,
359 1975 521 2044 memoria
534 1992 565 2044 et
584 1993 691 2045 niente
704 1971 919 2070 excipiebant,
937 1966 1135 2040 doctoribus.
1207 2024 1210 2030 .

131 2098 195 2172 que
217 2070 275 2145 suis
295 2069 359 2145 sese
379 2075 558 2172 iungebant.
608 2080 654 2148 Ea
672 2102 720 2147 res
740 2100 840 2175 quum
855 2077 1062 2147 vehementer
1079 2069 1135 2140 ob-

131 2177 225 2257 ilaret
236 2179 464 2276 Inquifitorum
481 2175 622 2251 consiliis
636 2200 667 2252 et
681 2179 854 2262 comibus,
878 2202 981 2275 neque
999 2171 1039 2246 arl
1060 2198 1135 2246 eam

131 2277 310 2355 tollendam
339 2287 540 2380 imperatoris
560 2279 723 2367 edidlum‘,
747 2278 836 2379 quod
856 2275 1136 2379 suppeditauitnut,

130 2379 276 2456 sufficere
299 2382 470 2460 videretur:
504 2385 705 2470 Pontificem,
727 2386 965 2459 GllEGORl
975 2385 1053 2457 VM
1082 2382 1136 2457 XI.
1239 2464 1245 2475 ,

131 2487 203 2586 poll
224 2513 324 2581 annos
341 2490 462 2588 aliquot
476 2494 509 2562 in
524 2489 680 2563 auxilium
695 2489 867 2571 vorabant',
888 2509 980 2588 atque
993 2506 1027 2559 vt
1042 2482 1134 2560 suam
1216 2559 1218 2565 ,
1268 2486 1272 2491 ’

129 2595 353 2665 aridioritatem
367 2599 591 2693 imperatoriae
603 2600 764 2693 iungeret,
783 2591 1023 2666 obtestabantur.
1072 2593 1135 2687 igi·
1207 2644 1209 2651 .

131 2715 181 2769 tut·
196 2701 234 2767 A.
249 2717 353 2789 1375.
371 2691 521 2772 Pontifex
535 2698 656 2799 legem,
675 2700 753 2780 eiu't,
778 2723 875 2795 quarn
890 2694 1136 2790 colonvs
1259 2696 1263 2709 “

131 2796 279 2872 aduersus
291 2800 390 2872 libros
403 2800 443 2873 de
457 2803 548 2874 rebus
561 2799 603 2875 ad
616 2801 809 2899 religionem
822 2798 1046 2899 pertinentibus
1058 2799 1136 2867 Ger·

132 2907 265 2974 matrice
285 2900 415 3001 scriptos
436 2903 564 2987 tulerat,
589 2930 660 2978 non
681 2900 869 2976 dissimilem
893 2902 1041 3000 rogabat,
1070 2894 1136 2985 sed,
1153 2903 1165 2933 ⁸

132 3026 167 3076 vt
188 3030 302 3077 verum
322 3001 438 3090 sttear,
459 3007 614 3079 Carolina
634 3007 706 3105 lege
729 3004 838 3079 multo
857 3003 1082 3105 sapientiorem
1105 3023 1140 3080 etr

132 3104 373 3182 modestiorem
435 3111 550 3209 Neque
577 3115 668 3187 enirn
693 3104 841 3183 Pontifex
862 3106 929 3184 fine
951 3104 1138 3183 discrimine
1206 3135 1210 3145 ·

133 3236 250 3285 omnes
271 3212 373 3286 libros
387 3215 600 3286 Germanicos
619 3210 661 3285 de
679 3218 795 3312 pietate
813 3233 844 3288 et
864 3212 1020 3311 religione
1041 3236 1136 3309 agen·

132 3334 179 3388 tes
205 3315 327 3400 abolet,
358 3336 390 3390 et
411 3314 565 3404 dmmat,
581 3343 698 3418 neque
723 3315 823 3390 libror
847 3318 1016 3396 erroribus,
1031 3314 1136 3416 pollu-

131 3441 183 3494 tos
211 3425 347 3494 eremari
377 3426 548 3521 praecipit,
584 3447 646 3494 nec
668 3417 807 3521 denique
833 3421 962 3520 plebem
983 3420 1036 3494 vel
1064 3420 1179 3519 piot·'
1235 3485 1239 3497 ,

131 3525 250 3610 libros,
282 3523 334 3599 vel
358 3522 464 3624 ipsum
484 3520 610 3599 lictum
629 3522 778 3598 codicem
799 3521 893 3598 domi
920 3525 1028 3624 legere
1044 3542 1137 3597 vetat.

115 3619 1136 3729 ‘PrimumGREGORWShominesindotiosetfimpli·
1244 3663 1248 3671 -
1298 3665 1307 3680 -

133 3757 184 3802 ces
207 3733 355 3830 prohibet
379 3733 448 3807 aliis
469 3730 630 3807 sermones
651 3740 783 3808 teeitare
801 3732 852 3809 vel
872 3732 1081 3834 praelegere,
1101 3734 1138 3806 in
1183 3787 1187 3793 -

134 3834 248 3933 quibus
263 3834 429 3933 religionis
443 3832 596 3935 dogmata
615 3835 781 3912 metiuntur
800 3856 832 3911 et
852 3836 1064 3937 explicentur:
1084 3860 1139 3935 tett-¹

136 3942 185 4010 ius
204 3934 365 4010 interdidli
387 3934 581 4012 hancaffert
602 3943 781 4024 rationem,
810 3944 884 4040 quia
906 3940 1039 4018 lectores
1060 3942 1139 4011 eins*
1214 4013 1219 4022 ,
1308 3913 1312 3920 Ι

137 4038 231 4115 modi
247 4044 285 4115 in
295 4067 413 4115 munus
425 4037 581 4127 docendi,
603 4037 804 4137 seuefficium
813 4046 1082 4136 praedicationis,
1104 4047 1139 4114 ut

136 4147 289 4247 loquitur,
305 4143 593 4220 temereinuolant.
643 4146 737 4217 Heec
751 4171 850 4245 quam
863 4144 991 4237 infimis
1004 4166 1035 4219 et
1049 4165 1140 4219 tanto
1260 4128 1293 4244 ⁸·

135 4258 209 4329 viro
235 4243 375 4350 indigns¹
396 4246 435 4323 fit
455 4244 575 4334 caudit,
608 4243 731 4324 necesse
752 4274 819 4323 non
841 4248 905 4335 ei,
934 4271 970 4326 vt
992 4248 1138 4325 doceam.

135 4351 265 4429 Deinde
286 4351 489 4456 inquisitores
508 4354 594 4429 iubet
611 4352 710 4427 libror
723 4352 947 4443 Germanicos,
968 4351 1012 4428 de
1024 4359 1140 4456 pietate

135 4482 167 4540 et
179 4459 335 4565 religione
347 4477 561 4568 exponerent,
577 4455 797 4661 irtuellipape,5
806 4456 890 4572 etad
906 4467 1141 4640 veriuonuaupt
