2850 5475
238 642 329 787 'iia
409 699 485 788 cap.
500 668 584 769 mr.
609 697 675 766 um
687 642 1116 786 agoniam

260 862 484 962 etimdebant,
515 873 653 979 speciem
682 878 921 978 comparabant.
979 880 1055 948 Eius
1080 878 1127 946 rei
1154 872 1270 951 testem

262 983 417 1057 babemus
445 987 648 1068 maximum,
684 979 791 1082 ipsum
824 989 1073 1080 Imperatorem,
1091 1040 1093 1047 .
1111 979 1142 1049 C
1150 981 1271 1052 utto

261 1078 376 1160 EVM
399 1091 469 1158 lili·
485 1091 537 1185 qui
551 1090 584 1158 in
598 1083 717 1172 edicio,
731 1083 831 1185 seclae
844 1091 919 1159 huic
933 1082 1093 1183 opposito,
1116 1081 1203 1179 quod
1217 1087 1272 1155 in·

217 1202 221 1209 “
261 1185 312 1264 sta
323 1209 429 1262 totum
447 1186 621 1290 legendum
637 1188 795 1274 dabimus,
816 1196 849 1263 in
863 1193 1047 1290 prouinciis,
1069 1212 1145 1285 quaa
1158 1191 1270 1257 nomi·

263 1297 429 1377 nutrimus,
451 1318 524 1365 eam
540 1292 579 1365 ad
594 1290 646 1367 sua
660 1303 757 1394 usque
770 1302 918 1393 tempora
934 1291 1001 1367 stne
1016 1290 1160 1391 periculo
1173 1310 1204 1360 et
1220 1295 1270 1360 i'n'·

193 1400 197 1411 ’
262 1394 447 1471 dommodo
461 1393 616 1472 habitasse
624 1396 741 1479 refert,
759 1394 1066 1498 gaudetque-simul,
1080 1390 1173 1465 nidos
1189 1397 1271 1478 eiua,

131 1534 134 1539 ·
262 1497 973 1600 senegnanmdisbubatosetditiraclosesse.
1028 1498 1144 1572 Nihilo
1158 1516 1270 1568 tamen

263 1609 375 1679 minua
397 1601 482 1677 haud
505 1610 594 1705 pauci
616 1612 723 1707 gregia
742 1611 834 1679 huius
849 1611 883 1679 in
898 1607 961 1678 illis
977 1609 1083 1685 terris,
1107 1607 1141 1673 iu
1156 1600 1275 1703 quibui

180 1730 200 1803 J
264 1706 391 1810 publice
410 1708 517 1781 boslet
537 1708 686 1793 eeclesiae
706 1708 835 1784 iudicati
858 1730 963 1794 erant,
999 1706 1170 1788 restabant,
1203 1709 1272 1804 qui,

100 1895 107 1926 ,
263 1808 410 1911 deposito
434 1816 573 1898 amictu,
604 1840 661 1913 per
682 1837 779 1916 quem
807 1811 902 1887 facile
923 1809 1205 1911 dignoscebantur,
1236 1827 1272 1880 et

264 1910 441 1989 intermissa
456 1914 709 2005 mendicatione,
729 1925 777 1991 cui
799 1944 932 2017 operam
952 1917 1026 1988 dare
1051 1915 1197 2012 alioquin
1221 1907 1272 1999 so-

101 2062 107 2091 t
258 2008 391 2103 'sebeon
422 2018 595 2112 cautissime
618 2024 781 2104 viuebant,
808 2043 839 2094 et
861 2019 1071 2094 clandestinos
1095 2037 1273 2089 conuentue

266 2144 344 2196 eum
369 2121 432 2196 illia
453 2122 668 2209 celebrabant,
690 2153 769 2225 quos
790 2146 856 2198 tam
881 2122 1091 2206 sermonibus,
1114 2144 1210 2219 quam
1234 2119 1274 2191 ti·

264 2225 375 2311 bedu,
399 2231 433 2299 in
452 2247 552 2341 patres
566 2224 633 2301 suas
649 2249 870 2327 pertraxerant.
923 2233 1096 2328 Quinque
1111 2223 1221 2295 multis
1237 2220 1275 2295 hi

205 2396 208 2403 .
265 2325 492 2425 fautoribueet
511 2336 623 2405 amicis
649 2337 731 2405 inter
752 2330 937 2416 sacerdotes,
961 2333 1145 2405 Monachos
1162 2347 1194 2399 et
1208 2329 1276 2399 Bt·

263 2437 388 2533 gemes
410 2454 584 2511 uterentur,
618 2433 708 2507 baud
725 2434 896 2510 difficulter
916 2435 1045 2508 latibula
1067 2431 1275 2529 reperiebant.

267 2541 429 2638 Quocirca
449 2543 543 2614 uouit
562 2534 689 2637 semper
704 2540 825 2638 legibus
837 2562 869 2611 et
883 2536 1039 2613 mandatis
1055 2563 1137 2636 opus
1151 2555 1217 2606 erat
1232 2528 1275 2605 ad

148 2676 171 2718 ⁴·
268 2635 459 2716 t'ettascentia
473 2635 574 2716 tectae
587 2663 717 2715 conatus
732 2641 961 2743 reprimendos.
1013 2645 1181 2739 Praecipua
1207 2642 1275 2709 eius

205 2749 210 2757 “
267 2739 356 2852 seder
370 2749 603 2828 in'Germania,
617 2748 761 2820 Colonia
774 2767 850 2832 erat,
870 2750 921 2821 vbi
940 2767 971 2820 et
985 2751 1109 2846 primus
1123 2749 1189 2832 cius¹
1203 2768 1277 2813 coe·

268 2867 320 2923 tua
339 2845 508 2936 maluisse,
530 2871 562 2924 et
576 2845 717 2923 familiae
732 2848 893 2933 uniuersae
908 2854 1029 2951 capita,
1053 2853 1276 2949 principesque

268 2979 324 3028 tna
349 2953 412 3026 islri
428 2950 483 3027 diu
495 2948 604 3026 vixisse
616 2951 781 3027 videntur:
806 2979 866 3029 nec
878 2951 1000 3027 idcirco
1015 2978 1146 3053 utquam
1160 2967 1209 3022 tot
1223 2941 1277 3021 adi

138 3078 141 3084 '
269 2980 374 3133 versut
392 3058 583 3155 Begberdos
604 3057 706 3158 leges,
730 3080 809 3159 quot
829 3060 1006 3143 Coloniae,
1027 3051 1224 3150 conscriptae
1245 3069 1279 3126 et

268 3157 372 3239 editae
386 3155 468 3233 sunt.
493 3159 684 3235 Audiuimus
697 3157 788 3259 supra
802 3158 980 3235 facundum
993 3181 1025 3233 et
1038 3155 1275 3257 amplissimum

269 3261 446 3352 decretum,
466 3262 1278 3365 quonr306.HENRiCVSdeViRNEN·

227 3388 230 3391 ’
270 3371 407 3442 thtu
423 3394 479 3441 eoa
495 3364 751 3466 adgrediebatur:
773 3367 860 3466 quod
881 3366 905 3442 si
922 3395 1019 3469 quern
1036 3362 1177 3439 fructum
1192 3364 1276 3452 tulit,

271 3494 356 3545 cette
373 3497 441 3545 non
455 3476 481 3544 ia
495 3467 611 3546 stabilia
625 3493 656 3545 et
669 3472 831 3546 diuturnus
845 3494 918 3545 erat.
966 3478 1083 3545 l'aucos
1098 3475 1186 3540 enim
1205 3465 1275 3565 post

254 3602 374 3650 -annos
394 3596 493 3648 tantae
512 3601 589 3674 opes
609 3576 884 3676 recuperauerant,
918 3596 951 3647 vt
972 3571 1150 3649 uniuersam
1175 3571 1278 3644 Colo·

272 3676 417 3753 triensem
439 3682 641 3776 prouinciam
667 3676 864 3762 obsiderent,
883 3674 1000 3779 suaque
1022 3684 1056 3751 iu
1075 3704 1109 3749 ca
1124 3675 1280 3774 dogmata

272 3780 335 3855 late
347 3780 544 3881 spargerent,
566 3779 646 3855 duce
658 3781 859 3882 potissimum
876 3787 1028 3858 WALT
1039 3785 1183 3856 HERO
1199 3771 1282 3878 quo‘·

272 3883 363 3970 dam,
376 3889 504 3970 Ratauo,
524 3890 662 3961 bomine
673 3885 801 3973 diserto,
815 3907 922 3972 cauto,
944 3886 1126 3986 scriptisque
1142 3883 1282 3975 inclyto.

272 3998 345 4093 Qua
368 4023 403 4069 re
425 4000 570 4094 cognita,
599 3992 688 4069 idem
708 3994 765 4068 ille
784 3994 1057 4068 Htatttttcvs
1079 4000 1112 4062 in
1134 3988 1281 4059 concilio

272 4095 498 4202 episcoporum
512 4103 698 4197 prouinciae
711 4093 794 4185 suae,
820 4096 907 4200 quod
922 4096 1100 4169 declinante
1118 4100 1153 4164 Λ.
1169 4112 1280 4176 1322.

223 4289 227 4298 ·
273 4191 1280 4386 bliifdl‘lillliltiblll?'ill‘ffisl‘tst

255 4437 317 4506 ,ue
336 4416 460 4487 mentio
482 4410 613 4511 quidem
636 4417 717 4484 inter
737 4412 868 4483 Statura
888 4408 1104 4502 Coloniensto,
1132 4429 1212 4503 quae
1232 4403 1280 4474 bia

146 4549 151 4558 ·
274 4513 357 4593 edita
368 4508 1282 4685 else,supraobsettuuimute·ee3mnmeminiteim·cliol:
