2850 5475
431 620 815 724 Arandunum..
1065 637 1140 722 ⁸65·
1282 609 1284 613 ’

101 832 105 838 ’
138 812 290 916 iiogrnna
302 779 532 912 suggesserunt,
559 831 591 885 et
605 807 885 912 indiessuggerere
895 807 1029 898 student,
1046 817 1142 916 prim
1193 883 1198 889 .
1326 850 1330 855 ·

140 921 241 1018 cipale
264 943 376 990 eornm
400 915 628 1014 receptaculum
652 917 844 1000 babuerunt,
875 933 907 987 et
926 922 960 988 in
982 914 1070 991 dic‘lo
1084 944 1134 994 ca·
1285 983 1287 987 ,

141 1022 206 1096 llro
220 1019 373 1093 hodierna
387 1019 438 1092 die
451 1021 490 1090 ab
506 1020 589 1093 illius
605 1019 718 1091 incolis
738 1038 768 1090 et
788 1020 1012 1097 habitatoribus
1023 1024 1133 1095 buius·-
1251 1112 1259 1119 ·
1279 1076 1282 1081 .

138 1121 232 1199 modi
246 1149 392 1198 errorum
407 1145 437 1196 et
450 1120 638 1208 baerelium,
652 1119 729 1196 sicut
742 1124 833 1197 nobis
851 1128 991 1195 innotuit
1004 1150 1043 1196 ex
1057 1123 1139 1201 fider
1218 1130 1222 1142 “

141 1225 239 1327 digna
255 1225 406 1301 relatione
422 1227 619 1308 multorum,
650 1226 721 1307 labe
742 1221 868 1299 insedis
885 1223 1031 1301 sunilit'er
1051 1254 1142 1302 rece-r

140 1350 268 1430 ptantur
298 1336 333 1402 in
365 1331 543 1430 periculum
574 1325 840 1404 Chrissilideliurn
865 1334 1068 1422 animarum,
1102 1348 1143 1407 etr
1177 1322 1182 1329 ⁵
1294 1362 1298 1367 ·

141 1433 328 1531 exernplum
348 1432 525 1508 detestabile
539 1433 767 1533 plurimorum·
812 1428 817 1445 '
1137 1488 1142 1533 ·.
1171 1494 1173 1499 ,

221 1540 291 1610 Nos
308 1544 421 1636 igitur,
442 1536 632 1611 attendentes
654 1543 763 1636 quanti
785 1531 877 1632 poffit
897 1529 960 1607 else
980 1530 1143 1615 discrimi-¹

144 1645 194 1716 rtis
220 1638 368 1713 fidelibus
387 1641 513 1741 populis
541 1646 716 1715 convicinis
735 1639 838 1712 didiae
855 1645 1056 1738 prouinciae,
1080 1646 1146 1741 qni

142 1743 310 1819 ambulant
325 1751 360 1817 in
374 1751 423 1819 via
436 1750 595 1830 Domini,
617 1742 642 1817 st
658 1741 749 1816 nidus
762 1764 793 1814 et
806 1743 1036 1842 receptaculum
1053 1740 1145 1843 ipsos,
1188 1763 1222 1821 ·“,
1258 1822 1270 1831 ,

145 1873 219 1921 rum
236 1849 487 1921 Fraricettornm
507 1852 739 1922 ltaereticorum
755 1843 890 1919 iudidio
911 1846 1011 1921 callro
1030 1843 1147 1927 fundis

85 1973 87 1977 ’
143 1971 194 2024 tus
210 1977 277 2024 non
292 1951 439 2036 tollatur,
464 1980 501 2024 ac
514 1947 584 2024 solo
599 1972 763 2052 aequetur,
784 1968 815 2022 et
830 1948 966 2046 proinde
978 1949 1145 2025 attendem.
1171 2012 1180 2039 ,
1229 1994 1235 2004 ·

146 2076 193 2128 tes
206 2051 291 2155 quod
308 2055 423 2154 legitur
435 2054 475 2127 de
490 2059 651 2128 haereticis
670 2060 704 2127 in
724 2050 851 2129 diuersis
866 2056 1057 2140 ciuitatibus,
1078 2074 1148 2139 lore

146 2163 210 2239 ris,
234 2155 337 2231 castris
356 2181 387 2231 et
405 2157 486 2232 locis
503 2159 800 2240 commorantibus,
823 2157 883 2228 ibi:
903 2161 1047 2237 incendet
1062 2160 1147 2233 clun:
1233 2198 1236 2203 ·
1308 2185 1316 2251 g
1337 2147 1341 2165 ’

144 2274 228 2333 tutes
242 2286 348 2334 eorum
364 2266 454 2358 igni,
476 2287 532 2335 arr
548 2268 612 2335 erit
626 2265 671 2334 ibi
681 2261 895 2332 babitaculum
907 2266 944 2334 in
958 2276 1141 2345 “rernm

145 2356 177 2437 ¹et
200 2384 363 2462 propterea
392 2361 561 2465 praemissa
586 2364 691 2439 debita
717 2363 941 2438 deliberatione
967 2360 1153 2463 peusth
1180 2394 1192 2457 j

145 2468 315 2565 habitaque
332 2464 423 2564 super
435 2474 472 2540 iis
487 2466 713 2541 deliberatione
727 2488 875 2552 mamm,
897 2489 1049 2567 quantum
1071 2493 1153 2549 rum

145 2575 225 2645 teria
238 2572 430 2668 requirebat,
453 2571 619 2654 volumus,
641 2589 671 2643 et
690 2566 875 2645 fraternitati
893 2591 964 2643 tuae
985 2595 1042 2668 per
1063 2595 1154 2667 apo·⁸

146 2673 258 2749 ssolica
286 2669 399 2772 scripta
420 2679 710 2746 committimus-et
733 2669 940 2758 mandamns,
962 2692 996 2746 vt
1015 2669 1151 2749 ditium·

147 2777 286 2851 castrum
307 2777 493 2873 Magnalate
512 2781 624 2858 eteius
643 2801 769 2860 arcent,
800 2772 922 2871 siquam
942 2776 1074 2860 babeat,
1099 2773 1160 2856 arb·
1252 2820 1254 2823 ·

148 2900 304 2956 terrorem
321 2902 351 2953 et
362 2880 549 2977 exemplum
563 2898 752 2979 perpetuum
766 2877 905 2950 aliorum
922 2880 1097 2952 castrorum
1111 2900 1154 2958 et,

120 3064 126 3071 ,
149 2982 298 3059 locorum
314 2982 417 3057 didiae
430 2988 633 3084 prouinciae,
657 3007 699 3054 ne
713 2979 755 3053 de
774 3001 897 3053 caetero
917 2980 992 3055 tales
1011 2984 1145 3055 haereti·

147 3114 204 3161 cos
228 3090 423 3161 Frutirrllos
448 3107 623 3185 receptare,
650 3104 704 3158 aut
725 3090 769 3158 eit
788 3085 937 3183 praebere
960 3081 1153 3173 confilium,¹

148 3190 325 3274 auxilium,
350 3190 400 3263 vel
422 3184 571 3284 fauorem
595 3214 651 3287 per
673 3184 723 3271 l'e,
750 3188 803 3260 vel
820 3187 918 3273 elios,
938 3186 1072 3263 audeant
1090 3191 1145 3268 vel
1220 3269 1222 3276 ,

150 3290 369 3396 praesumant,
393 3319 431 3365 ex
445 3314 515 3366 toto
530 3289 662 3365 mandes
677 3311 708 3361 et
727 3287 822 3363 facias
843 3288 1014 3375 demoliri,
1036 3299 1144 3393 proui-
1237 3346 1239 3350 -
1318 3359 1327 3368 .

147 3397 248 3481 surus,
262 3393 348 3497 quod
363 3395 491 3470 nullum
508 3395 627 3468 ibidem
637 3391 678 3466 de
691 3414 813 3468 caetero
827 3393 1010 3472 aedilicium
1024 3398 1075 3474 vel
1090 3397 1147 3475 do·

152 3499 315 3578 miuiliutn
338 3499 550 3593 construatur3
566 3519 610 3570 -et
632 3520 781 3598 tempore
800 3496 1020 3578 demolitionis
1040 3508 1143 3577 huiun
1259 3517 1261 3524 ’

154 3602 249 3681 modi
261 3611 368 3677 'virum
386 3600 571 3704 religiosum
587 3601 721 3676 instituas
743 3600 783 3676 ad
801 3601 1051 3703 praedicandum
1065 3606 1145 3680 inibi
1180 3596 1197 3624 '¹

152 3710 286 3786 verbum
309 3713 389 3791 Dei,
416 3713 470 3807 qui
488 3706 630 3807 ‚populos
649 3704 689 3778 de
708 3701 800 3778 causa
819 3704 1038 3784 demolitionis
1059 3737 1161 3809 pr·ae·.
1211 3763 1214 3770 -

152 3809 263 3900 diclae
278 3809 431 3909 sapienter
453 3812 587 3883 instituat
607 3830 637 3882 et
658 3804 833 3885 informett
859 3833 891 3883 et
913 3809 1046 3899 deinde,
1066 3813 1148 3912 poil-
1179 3893 1181 3897 ,

153 3908 253 4014 quam
278 3913 403 3989 dinam
430 3912 564 3997 callrum
596 3910 790 3984 demolitum
815 3935 851 3988 'et
876 3912 948 3989 solo
977 3938 1161 4015 aequatum¹

152 4013 267 4103 fuerit,
287 4038 319 4091 vt
341 4012 531 4117 praefertur,
556 4020 738 4086 conuocatis
760 4014 918 4117 aliquibus
938 4021 1093 4118 magistris
1111 4026 1148 4094 i'n
1238 4043 1242 4056 ·

154 4122 321 4221 theologia
335 4141 365 4193 et
379 4119 561 4194 donor-nus
578 4122 653 4188 iuris
666 4122 815 4191 canonici
836 4119 887 4193 vel
900 4123 1023 4213 ciuilis,
1048 4143 1079 4195 et
1091 4122 1148 4195 ali·
1173 4186 1175 4200 .

106 4291 120 4305 .
154 4227 266 4328 quibus
279 4223 432 4323 religiofis
445 4229 536 4306 viris,
559 4244 590 4293 et
603 4218 665 4293 illis
686 4220 741 4294 tibi
762 4225 798 4293 in
817 4227 882 4297 hoc
894 4222 1095 4301 alliiiendbus
1117 4248 1149 4300 et

155 4327 407 4413 consulentibus,
434 4333 522 4427 pueri
543 4345 668 4424 patrum
691 4327 926 4399 baereticorum
948 4327 1149 4428 segregentur

158 4435 198 4508 ab
220 4441 281 4521 cis,
307 4453 339 4520 et
361 4430 475 4532 procul
493 4435 675 4511 mittantur,
705 4453 748 4498 ne
767 4432 924 4505 haereu'ca
942 4435 1013 4510 labe
1031 4429 1149 4531 poffmt
1234 4415 1266 4481 ,'
1337 4409 1341 4420 Ι

638 4532 770 4622 Τις
857 4593 883 4638 1.
1032 4533 1150 4613 ·inliei
