2850 5475
366 602 371 613 ι
463 649 646 739 proscriptis
666 661 698 720 et
718 650 885 721 mertia
1000 590 1004 603 ι
1113 672 1178 743 aar

166 822 303 911 subiicit,
315 820 553 903 dentonllrant:
576 832 631 931 qui
644 826 777 931 quidem
792 853 912 902 errores
929 828 1174 905 ab'honrinibue

164 928 307 1016 scientia,
317 928 486 1005 subtilitate
499 954 530 1006 et
541 930 720 1009 eruditione
733 930 977 1034 pmrsus'vacuis
992 933 1086 1008 nullo
1099 953 1172 1011 mo·
1187 952 1189 956 '

146 1033 211 1111 *do
226 1030 357 1110 defendi
374 1057 528 1137 poteram.
564 1042 686 1111 Acriter
699 1060 805 1111 autem
820 1064 880 1136 pro
898 1036 959 1111 illis
977 1040 1170 1137 pugnabant,

85 1156 93 1165 '
163 1144 219 1241 qui
233 1141 405 1215 eis-imbuti
417 1161 523 1226 eram,
545 1160 577 1213 et
594 1140 743 1215 nonnulli
757 1140 901 1244 quidem,
926 1139 1013 1242 quod
1030 1139 1098 1243 ipse
1111 1134 1169 1218 Ατ-Ι

162 1238 568 1346 rbiipiscopussrgntficat,
589 1243 1114 1347 umimprudenteretaudatter,
1132 1266 1168 1322 vt
1218 1254 1230 1333 j
1271 1278 1275 1283 ·
1337 1252 1340 1257 '

92 1410 96 1417 .
161 1347 289 1525 puobluice
305 1352 447 1421 Mitteret
462 1362 493 1419 et
509 1350 764 1431 praedicatores,
787 1350 821 1422 id
843 1350 903 1434 etl,
925 1347 1125 1439 Fruacjseani
1136 1369 1168 1425 et

257 1448 500 1553 inicani'gregis
524 1451 663 1540 sodaler,
690 1453 841 1527 inuadere
860 1476 891 1528 et
911 1448 1077 1527 conffitare
1096 1480 1166 1530 nou
1208 1450 1210 1457 ¹
1311 1476 1340 1549 -ζ

160 1556 348 1630 dubitarent.
399 1562 441 1630 Et
452 1558 585 1657 patebit,
607 1578 708 1659 quum
723 1558 762 1631 ad
780 1565 964 1632 interiorem
976 1555 1165 1659 discipliuae

160 1660 411 1757 Begltordorrtttt
430 1668 587 1735 rationem
609 1659 832 1761 explicandam
852 1667 1034 1744 veniemus,
1063 1686 1167 1761 neque

160 1765 200 1837 ab
215 1768 351 1864 ingeniis
364 1760 483 1838 obtustr
495 1792 566 1837 earn
583 1772 767 1865 excogitari,
781 1793 884 1866 neque
900 1794 917 1837 a
932 1763 1061 1864 slupidin
1074 1790 1168 1866 prora
1229 1842 1232 1853 ,

159 1864 260 1943 suaet
280 1870 432 1941 inertibus
452 1868 704 1968 comprehendi,
730 1868 808 1943 tradi
830 1891 860 1942 et
883 1875 990 1943 ornari
1017 1864 1165 1966 potuiss'e.¹

158 1974 285 2047 Verum
300 2000 336 2043 en
353 1993 450 2044 aetate
462 1977 580 2043 idiotae
592 1998 708 2046 onmes
722 1975 910 2072 putabantur
923 1993 954 2045 et
966 1967 1165 2056 dicebantur,

159 2082 215 2177 qui
237 2076 437 2176 publicarum
457 2073 638 2148 scholarum
662 2074 858 2149 institutione
875 2100 942 2148 non
960 2071 1006 2148 vsi
1026 2071 1168 2161 fuerant,¹
1193 2098 1195 2105 ·

157 2206 219 2253 nec
234 2181 369 2278 probatis
384 2181 540 2279 mapjllris
553 2206 685 2276 operam
700 2176 858 2255 dederant.
903 2183 1112 2281 Qieumque
1123 2206 1164 2253 ex

157 2286 344 2381 Begirardir
357 2288 406 2355 his
419 2280 547 2385 reliquis
560 2281 685 2358 delit‘lis
700 2280 763 2357 suis
782 2280 923 2361 haerelin
938 2281 1112 2367 addebant,
1129 2300 1167 2355 et·

158 2392 329 2486 opiniones
348 2388 499 2488 religioni
518 2387 661 2488 publicae
678 2409 887 2488 repugnantes
903 2384 1161 2471 dilleminabant,

93 2516 98 2525 ·
157 2497 318 2592 principes
340 2490 407 2564 fine
427 2490 525 2565 dubio
545 2513 577 2566 ct
598 2489 692 2566 duces
718 2489 868 2567 sallionis
887 2511 993 2577 erant,
1019 2516 1160 2593 quorum
1259 2562 1261 2565 ,

156 2597 271 2696 reliqui
289 2603 461 2695 praeceptis
475 2617 506 2669 et
520 2603 652 2669 enutritis
664 2598 936 2698 obtemperabant.
987 2599 1092 2694 Negat
1105 2621 1160 2667 an·
1230 2626 1235 2633 ·

156 2699 240 2774 tutes
254 2697 475 2785 Colonieufis,
501 2697 533 2776 se
552 2728 666 2775 omnes
687 2726 802 2782 eonrm,
823 2726 944 2774 errores
961 2718 1162 2772 enumeratu-

157 2831 231 2876 rum
247 2801 327 2877 elle:
352 2810 466 2902 inquo
481 2810 622 2878 minime
640 2801 732 2878 fallit.
784 2805 926 2878 Plurima
940 2808 1030 2875 euim
1045 2827 1163 2875 eorum

156 2904 231 2978 scita
254 2912 493 3005 praetermittit:
512 2926 551 2978 'et
571 2935 652 3007 quae
670 2905 785 2992 refert,
811 2935 878 2982 nou
895 2908 950 2982 illa
968 2903 1039 2977 sunt
1055 2907 1161 3002 prime
1197 2917 1199 2924 '

157 3015 253 3081 totius
272 3007 459 3106 disciplinae
478 3014 585 3093 initia,
604 3037 644 3084 ex
667 3011 779 3110 quibus
797 3009 937 3110 pendent
949 3011 1079 3089 neronio,
1104 3002 1160 3079 sed

157 3108 349 3190 costlee‘laria
364 3132 489 3184 tantum
506 3111 661 3214 quaedam
676 3141 716 3187 ex
729 3116 892 3212 principiis
907 3115 973 3180 eius
986 3128 1162 3285 οἻιιω

94 3239 98 3248 ’
130 3198 242 3287 ἠυδε
261 3243 298 3287 ac
321 3214 508 3315 simpliciter
531 3214 684 3313 pofitaer
703 3234 772 3284 toto
786 3212 920 3311 intelligi
936 3237 1004 3285 non
1021 3237 1065 3311 po
1093 3232 1161 3287 unt.

154 3323 301 3393 Primum
342 3318 587 3419 arrogantissimi·
623 3316 829 3412 perhibentur
860 3315 924 3394 elle
957 3314 1161 3403 mortalium,

154 3421 241 3521 quod
251 3426 410 3519 percandi
420 3421 491 3512 fist
506 3421 649 3509 parato
668 3442 796 3503 cerere,
817 3432 848 3489 et
860 3445 927 3491 rara
938 3434 1078 3520 propter
1093 3442 1162 3492 rettt
1259 3455 1263 3462 ·

97 3603 100 3610 ,
153 3527 221 3599 Da·
234 3529 350 3622 firatlts
369 3516 442 3615 ψ,
468 3516 659 3618 praedicent.
710 3521 838 3595 Deinde
857 3525 1009 3595 uxoribus
1028 3521 1158 3624 offitim
1273 3581 1275 3586 .

152 3636 320 3723 imponere
334 3619 482 3696 dicuntur
500 3627 708 3719 uirginitatis
717 3624 801 3720 fitur
816 3626 970 3705 indurata
987 3630 1097 3698 acerbe
1110 3629 1160 3698 de·

148 3732 323 3821 plorandi,
339 3729 376 3829 ſs
394 3729 516 3823 quidem
532 3726 674 3824 salutent
696 3731 866 3826 aliquando
887 3726 1029 3827 consequi
1051 3732 1165 3803 netto:
1318 3771 1320 3776 ·

150 3838 253 3905 Porro
267 3833 374 3904 Deum
386 3832 467 3927 sore
484 3834 519 3903 irt
539 3835 718 3925 perditione
734 3836 891 3928 quadam,
912 3852 1087 3932 arguuntur
1099 3852 1159 3905 tra·
1217 3869 1222 3884 κ

150 3931 239 4010 dere:
262 3930 350 4036 quod
366 3933 499 4032 dogma,
514 3933 637 4008 trmetli
652 3939 857 4009 vehementer
869 3933 1042 4010 obscurum
1052 3936 1158 4022 tribub

149 4035 401 4139 Archiepiscopo
426 4058 538 4113 tamen
566 4062 636 4110 non
658 4036 852 4126 declaratur,
877 4037 932 4113 sed
952 4044 1159 4114 vehementer

149 4165 272 4217 rantum
289 4142 465 4242 colligatur.
517 4143 588 4213 Nos
602 4146 681 4214 inter
770 4143 879 4217 bimur
894 4140 952 4216 suo
974 4144 1051 4217 loeo
1073 4145 1158 4215 harre

147 4243 354 4321 lententiam:
385 4273 472 4319 nunc
493 4239 656 4317 monuisse
685 4250 742 4318 atis
762 4244 817 4333 fit,
839 4273 908 4328 non
922 4253 966 4321 ita
977 4242 1090 4324 diserte
1101 4244 1163 4321 dua

102 4347 106 4352 ’
151 4348 247 4427 cuitle
273 4350 482 4448 Begbnrdor,
513 4375 627 4422 verum
650 4345 846 4426 aduersarios
868 4378 983 4428 eorum
1013 4379 1052 4423 ex
1085 4348 1161 4436 illis,

151 4481 231 4560 quse
253 4451 295 4527 de
315 4461 387 4528 Deo
410 4475 441 4529 et
461 4459 605 4534 humane
626 4476 736 4531 natura
760 4456 950 4545 llamebant,
973 4456 1162 4631 chounigun-

683 4563 757 4649 1²4
1102 4581 1163 4638 tun
