2850 5475
169 606 174 613 Ι
341 664 391 745 ui
632 662 1064 746 P-RAEMTIO.

349 880 421 960 ne,
448 854 555 961 quod
570 859 755 964 cupierat,
785 882 866 937 non
882 820 1107 957 assequutus,
1133 850 1271 954 suaque
1287 848 1351 957 spe

349 974 543 1079 deceptus,
572 977 720 1057 tandem
734 973 1023 1081 perepistolam‚
1054 970 1172 1048 datam
1190 974 1351 1072 Stutgar·

350 1091 454 1191 diae,
482 1092 541 1171 vbi
570 1092 666 1170 inter
689 1090 907 1171 Sereniffimi
933 1088 1050 1167 Ducis
1075 1088 1349 1189 Wirtemberg.

190 1270 220 1325 ·.
345 1207 520 1287 Comites
544 1208 843 1289 consistorianos
868 1229 1088 1310 cooptatus,
1125 1227 1210 1282 ante
1235 1204 1351 1279 triera-

147 1430 151 1437 ,
312 1320 320 1341 ”
348 1324 455 1403 nium
480 1324 558 1405 sere
582 1327 621 1405 in
644 1326 737 1408 viuis
760 1324 830 1404 esic
846 1322 967 1417 desiit,
997 1319 1211 1411 communi,
1233 1342 1349 1423 quem

348 1438 449 1538 dixi,
476 1440 597 1519 amico
612 1441 810 1547 praecepit,
840 1464 881 1521 vt
896 1438 942 1519 ad
959 1437 1090 1517 Virum
1106 1437 1253 1515 isthunc
1268 1459 1351 1513 eru·

346 1554 628 1660 ditumadiret,
661 1580 700 1637 et
724 1558 884 1658 chartas,
919 1555 968 1635 de
992 1554 1126 1657 quibus
1150 1551 1351 1655 quaeritur,

346 1670 577 1773 reposceret,
608 1673 774 1776 mihique
798 1673 923 1752 eadem
947 1670 1046 1775 quasi
1070 1671 1151 1774 lege
1175 1666 1351 1748 traderet.

347 1787 467 1897 Qud
491 1788 602 1894 Ipsius
627 1791 838 1871 mandatum
862 1788 1019 1880 summa,
1048 1811 1118 1887 qua
1143 1784 1270 1861 omnia
1292 1780 1351 1861 so·

346 1900 434 2013 let„
448 1904 522 1983 fide
536 1904 759 2011 exsequutus
774 1908 826 2014 est
838 1903 1047 1987 Schmidius
1067 1902 1203 1981 noster.

434 2130 558 2212 Seidas
581 2132 855 2212 Moahemianas
876 2133 945 2212 hac
962 2132 1017 2211 via
1033 2155 1071 2212 et
1087 2129 1231 2213 ratione
1247 2153 1351 2208 arce·

347 2270 450 2355 pto,
475 2271 517 2328 vt
537 2251 698 2355 primum
721 2276 789 2355 per
804 2251 951 2355 negotia
969 2249 1080 2353 magis
1096 2245 1286 2326 necessaria
1311 2246 1351 2323 ii·

345 2366 445 2466 cuir,
474 2386 570 2445 totas
585 2366 743 2471 perlegi;
771 2366 884 2469 idque
899 2390 1006 2445 tanto
1024 2365 1151 2445 maiori
1166 2364 1351 2443 alacritate

345 2503 386 2559 ct
415 2480 710 2582 obieciamento,
741 2504 883 2586 quanto
907 2483 1062 2586 propius
1086 2506 1146 2559 me
1170 2503 1351 2559 reuocare

344 2596 567 2701 uidebantur
579 2597 623 2676 ad
640 2598 764 2694 studia,
783 2621 940 2703 propter
956 2598 1118 2676 muneris
1135 2594 1210 2674 mei
1225 2591 1351 2675 officia

343 2737 384 2793 et
407 2713 568 2794 rationes
589 2714 800 2796 intermissa:
830 2715 971 2820 quippe
987 2712 1128 2818 ¹quibus
1152 2734 1351 2814 nunquam

343 2853 427 2911 non
444 2830 641 2934 praecipue
654 2829 865 2922 desedimus,
883 2857 962 2910 non
979 2854 1108 2935 parum
1123 2851 1258 2931 operae
1274 2827 1351 2906 stu·

342 2945 471 3050 diique
487 2946 525 3025 in
542 2948 595 3026 eis
610 2946 792 3028 discendis
808 2946 1013 3050 posueram,
1038 2945 1153 3048 idque
1166 2944 1237 3021 iam
1253 2942 1351 3022 olim

341 3062 577 3143 documento
592 3064 719 3166 aliquo
736 3063 909 3167 publico,
937 3085 1117 3167 quantum
1137 3083 1205 3164 per
1220 3058 1351 3140 aetatis

341 3199 385 3255 ac
401 3179 451 3254 rei
475 3177 654 3260 familiaris
666 3180 906 3284 peraugustae
922 3180 1085 3260 rationes
1103 3175 1253 3270 licebat,
1282 3172 1351 3252 de-

339 3295 638 3373 monstraueram.
699 3294 934 3395 Accedebat,
958 3293 1064 3397 quod
1080 3293 1119 3372 in
1132 3292 1184 3370 eis
1201 3287 1351 3372 certisi-

94 3471 107 3480 .
168 3485 172 3498 ,
243 3405 246 3410 ’
341 3433 402 3489 ma
418 3408 666 3491 Moshemiani
682 3410 839 3513 ingenii,
869 3410 1080 3516 diligentiae
1101 3406 1351 3510 scientiaeque

219 3595 240 3620 „
341 3521 538 3604 historicae
558 3523 720 3606 latissime
744 3527 900 3630 patentis
926 3525 1070 3629 vestigia
1089 3548 1169 3601 non
1185 3522 1351 3602 animad-

294 3649 297 3654 ’
342 3661 488 3717 vertere
513 3663 593 3718 non
617 3639 770 3745 possem.
837 3642 953 3723 Vnde
976 3642 1014 3719 id
1036 3665 1152 3719 vnum
1177 3639 1349 3742 deplora·

338 3753 447 3848 urm,
491 3755 625 3834 Virum
652 3757 863 3853 Summum,
900 3759 946 3837 ab
973 3755 1145 3858 exquisita
1174 3754 1351 3836 historiae

340 3869 484 3949 mediae
499 3869 668 3972 scientia,
697 3872 798 3952 libris
813 3872 1116 3976 praestantissimis
1132 3894 1170 3949 et
1187 3870 1348 3950 maxime

340 3986 555 4080 necetbriir,
579 3986 671 4090 quin
687 3989 883 4069 rarioribus
900 3988 1025 4070 Codd.
1041 3987 1196 4069 MSCC.
1215 3987 1346 4066 instru-

339 4099 462 4196 sium,
490 4101 599 4181 teiam
623 4104 740 4209 perite
763 4129 802 4190 et
825 4106 980 4190 scienter
1003 4105 1233 4197 inchoatam,
1261 4125 1346 4204 per·

342 4234 470 4298 terere
493 4242 575 4298 non
602 4220 768 4322 potuisse.
826 4223 923 4329 Cepi
947 4222 1078 4328 igitur,
1102 4222 1210 4298 abeo
1224 4217 1346 4298 sertim

336 4348 543 4444 tempore,
569 4333 936 4424 librumrermunon
951 4334 1178 4446 vulgarium,
1204 4332 1267 4416 sed
1283 4357 1349 4418 ert·

763 4497 766 4502 ·
1259 4475 1349 4556 qui·
