2850 5475
272 750 319 821 34
382 722 459 814 ων.
477 727 524 797 1.·
546 726 597 793 oe
613 728 758 819 poenicu
774 737 805 793 et
824 729 941 812 origine
961 722 1180 793 vocum

277 864 475 982 familiareiii
491 898 658 975 sacerdotii
671 896 1136 999 adrninillrantem,eidenrque
1152 892 1296 971 sentien-

280 1031 362 1092 tem,
385 1004 614 1081 tellatiffimurn
632 1006 693 1079 ell:
727 1034 785 1079 nec
802 1012 908 1081 minus
923 1032 961 1077 ex
977 1032 1011 1076 ea
1025 1003 1164 1085 clarum,
1190 1006 1297 1103 quoti·

215 1178 218 1185 .
281 1104 381 1189 diano
393 1131 425 1182 et
438 1110 562 1210 vulgari
577 1107 728 1183 sermone
746 1114 986 1188 Germanorum
1002 1104 1034 1179 id
1054 1108 1203 1179 nominis
1229 1102 1296 1179 soe.

283 1221 381 1299 minis
396 1212 555 1292 eiusmodi
577 1212 768 1311 impolitum
793 1209 894 1289 fuisse.
945 1209 1029 1287 lllucl
1050 1236 1173 1308 nempe
1195 1234 1297 1303 genui

282 1320 487 1427 plerumque,
512 1345 554 1393 ne
575 1314 726 1395 dillnnile
748 1317 840 1419 plane
854 1322 1007 1395 herorum
1022 1310 1156 1389 suorum
1174 1310 1297 1388 videre·

189 1496 193 1503 ,
285 1445 346 1506 tur,
360 1449 559 1521 omnemque
573 1442 605 1493 vt
619 1450 636 1492 a
651 1418 683 1495 se
698 1420 907 1495 clandestinae
920 1417 1061 1493 libidinis
1078 1414 1299 1516 suspicionem

286 1528 493 1629 propelleret,
510 1522 674 1625 singularis
691 1531 810 1623 pietatis
827 1546 856 1597 et
869 1522 1042 1597 modestiae
1054 1520 1190 1599 laudem
1205 1526 1300 1597 omni

285 1636 411 1709 ratione
425 1626 483 1701 libi
498 1656 686 1727 comparare
701 1628 855 1702 ssudebat:
878 1625 1049 1701 sacerdotes
1063 1630 1176 1709 etiam,
1193 1630 1302 1725 inqui·

286 1736 346 1811 bus
368 1730 499 1806 modica
514 1754 640 1807 tanturn
656 1754 720 1806 erat
736 1734 976 1811 existimationis
993 1727 1063 1802 suae
1078 1756 1177 1813 cura,
1200 1728 1302 1803 nullu

286 1842 337 1916 rei
354 1832 425 1910 suae
439 1834 633 1913 domesticae
647 1836 723 1909 alias
739 1836 906 1936 praeficere
920 1832 1078 1915 solebant,
1102 1858 1212 1933 quam
1234 1858 1303 1908 mo·

290 1967 368 2019 rum
389 1939 526 2041 quadam
550 1938 711 2013 seueritate
733 1961 763 2012 et
790 1941 931 2012 callitatir
953 1935 1040 2013 santa
1061 1934 1243 2036 praeditae
1268 1954 1304 2025 ¹vt

293 2049 466 2129 omittam,
486 2070 553 2121 non
573 2042 758 2123 incredibile
779 2040 851 2125 else,
870 2043 999 2118 illarum
1020 2046 1193 2143 virgiuum
1214 2062 1248 2117 et
1264 2044 1305 2115 vi·

209 2184 212 2189 ·
294 2144 452 2233 duarum,
475 2174 554 2248 quae
574 2154 703 2247 proprie
716 2151 882 2246 Beguinae
896 2147 1105 2229 vocabantur,
1127 2144 1306 2221 nonnullae

216 2296 221 2309 ·
295 2257 335 2339 in
354 2246 471 2327 domoc
492 2257 636 2326 virorum
658 2247 735 2324 sacri
755 2249 875 2324 ordinis
889 2248 1045 2325 interdurn
1061 2244 1238 2335 tranaiiffe,
1262 2274 1305 2321 ea·

296 2379 436 2455 rumque
448 2355 711 2453 gubernationem
726 2356 765 2429 ab
779 2354 918 2431 inllituto
932 2352 988 2429 suo
1003 2379 1071 2427 non
1087 2352 1239 2427 alienam
1253 2378 1306 2454 pu-

296 2451 385 2529 tass'e.
434 2460 497 2530 His
517 2456 624 2533 caussis
640 2466 763 2544 euenit,
785 2480 817 2533 vt
831 2486 953 2533 nomen
970 2454 1066 2543 illud,
1092 2454 1186 2557 quod
1202 2459 1306 2531 omni·

185 2589 188 2597 “
242 2562 248 2580 ’
298 2556 359 2635 bus
372 2554 510 2636 dicatum
524 2584 588 2635 erat
603 2563 786 2637 mulieribus
802 2568 921 2662 pietatis
938 2562 1078 2661 gloriam
1095 2560 1306 2661 captantibus.
1348 2600 1351 2607 ·

300 2686 414 2736 earum
429 2690 559 2767 quoque
575 2666 679 2750 lieret,
703 2693 778 2768 quat
801 2668 889 2740 rebus
904 2663 965 2743 suis
982 2660 1159 2740 sacerdotes
1176 2686 1308 2768 praepo-

301 2761 437 2848 suerant.
480 2766 547 2868 lpsa
563 2766 634 2844 sane
648 2770 737 2869 legis,
749 2798 846 2871 quam
860 2770 1032 2852 attulimus,
1046 2773 1127 2842 ratio
1144 2797 1212 2844 noe
1227 2767 1308 2844 dubi·

144 2875 147 2882 '
243 2911 248 2920 ·
303 2890 372 2944 tare
394 2890 493 2954 vetat,
515 2869 555 2942 de
575 2868 727 2948 foeminis
746 2881 797 2972 agi
818 2901 933 2974 inagna
949 2870 1116 2950 sanctitatis
1132 2895 1166 2946 et
1184 2873 1308 2976 religio·

303 2977 358 3052 nir
369 2967 470 3070 specie
483 2976 658 3050 nitentibus.
710 2981 804 3049 Eiicit
818 2977 940 3051 antilles
954 2974 1027 3050 ideo
1042 2975 1199 3054 mulieres
1210 2983 1309 3052 iunio·

302 3102 365 3158 ree,
377 3096 407 3149 et
421 3077 513 3151 nullo
531 3073 806 3178 consanguinitatis
818 3081 948 3156 vinculo
964 3084 1046 3154 heris
1059 3075 1119 3154 suis
1139 3083 1310 3158 iuudlater
1344 3171 1347 3182 Ι

303 3176 504 3258 sacerdotum
519 3181 656 3264 aedibus,
680 3208 721 3253 nr
741 3187 872 3278 angelos
889 3187 1108 3273 tenebrarum,
1128 3189 1247 3279 quiin
1261 3209 1311 3260 oe·
1343 3217 1346 3226 ·

302 3287 412 3381 gelam
425 3285 503 3352 lutis
516 3282 727 3378 aliquundosc
744 3285 975 3380 transformat,
998 3285 1208 3384 otstmplicis
1227 3301 1261 3362 et
1273 3291 1312 3360 ie·

305 3396 417 3456 cautor
422 3381 577 3477 subtilius
581 3388 698 3486 follere
711 3392 829 3472 valent,
834 3387 897 3485 fita
912 3415 962 3461 ros
975 3391 1155 3462 calliditate
1169 3395 1213 3464 de
1234 3397 1243 3412 '
1270 3397 1277 3411 “
1305 3441 1313 3459 .

307 3487 405 3558 Haec
418 3493 498 3558 ratio
512 3511 562 3560 aut
575 3489 696 3564 nullam
711 3498 851 3564 omnino
865 3498 933 3570 vitu
949 3493 1052 3575 habet,
1072 3513 1125 3566 aut
1137 3403 1314 3596 hocfssglbl·

308 3586 401 3660 ficat:
426 3615 495 3663 non
514 3587 575 3664 else
596 3611 692 3668 tutam
712 3583 885 3670 mulierum
904 3596 1031 3671 illarum
1047 3595 1171 3685 sidem,
1188 3591 1314 3676 'taines

309 3688 412 3788 longe
433 3692 501 3766 aliis
524 3699 558 3766 in
576 3699 688 3792 pietate
709 3717 739 3770 et
759 3725 870 3769 amore
890 3695 1000 3773 diuino
1015 3699 1176 3778 excellcre
1193 3701 1317 3778 videar·

310 3809 381 3876 tur:
402 3793 472 3868 licei
487 3803 575 3870 enim
590 3793 690 3896 polle,
711 3819 744 3873 vt
757 3796 812 3872 sub
828 3798 993 3875 sanclitatis
1007 3800 1093 3876 larua
1109 3821 1213 3882 mene
1233 3807 1317 3884 lurra

312 3889 450 3982 effrenis,
472 3896 597 3982 lasciua,
619 3921 648 3972 et
666 3902 819 3978 voluntati
837 3909 985 4004 principia
999 3901 1202 4002 inferorum,
1231 3915 1318 3990 inno·

313 3997 840 4094 centiaelacerdotumjnfidianris,
861 4006 1044 4116 obsequens.

748 4175 779 4274 o.
805 4181 874 4253 xv.
938 4163 946 4192 ¹

388 4304 533 4390 Habent,
555 4326 650 4406 put0,
673 4327 794 4382 tantum
816 4311 982 4411 ponderis,
1009 4339 1091 4415 quae
1109 4315 1225 4396 adhue
1239 4315 1323 4402 dille·

317 4409 449 4489 ruimus,
470 4428 502 4479 vt
517 4410 556 4480 ab
570 4415 662 4481 omni
676 4434 762 4510 parte
777 4414 905 4487 firmare
918 4418 1034 4516 pollint
1049 4419 1099 4508 id,
1120 4413 1224 4524 ⁸quod
1242 4451 1323 4506 ano·

270 4615 273 4620 .
317 4506 365 4581 bie
380 4508 581 4614 propofitum
596 4512 656 4592 eil:
675 4517 841 4608 uocabula,
860 4522 1037 4622 Begbiatts,
1049 4527 1324 4718 ΙΒιςὴΐνιῶ

1146 4703 1179 4776 ij.
1194 4753 1201 4762 ,
