2850 5475
179 740 184 751 ,
240 660 307 744 eea
568 604 731 732 nnius
745 610 912 732 tum*

100 771 106 779 ·
238 794 311 913 tut,
330 818 604 926 licquelraebenua
618 806 767 922 sinentes
781 813 1003 904 laudabiliter,
1030 835 1063 891 et
1085 837 1189 892 nune
1210 824 1251 892 ei·

244 952 342 1014 eunt,
364 924 454 1027 quod
466 924 556 996 nulla
571 919 730 1022 “umquam
744 916 841 1031 super
854 925 917 1025 biis
929 918 993 994 suit
1008 922 1066 996 vel
1080 920 1135 995 est
1156 918 1250 1019 suspi-

241 1040 315 1116 cio,
337 1051 391 1102 aos
403 1023 538 1101 infamia
553 1018 775 1123 eontraipsae,
799 1016 861 1096 fuit
873 1028 967 1101 nobis
980 1010 1042 1123 pro
1056 1046 1159 1124 parte
1173 1019 1251 1125 ipsa·

188 1120 191 1127 ⁵
242 1162 319 1210 rum
334 1131 504 1205 humiliter
518 1126 743 1226 supplicatum,
765 1145 817 1210 vt,
840 1153 916 1199 cum
930 1124 1110 1227 iudignum
1130 1125 1186 1207 fit,
1203 1133 1248 1202 iu·

241 1256 400 1312 nocentes
418 1257 496 1304 eum
521 1230 715 1303 nocentibus
737 1225 780 1301 ad
803 1235 890 1328 paris
916 1227 1050 1302 iudicari
1064 1282 1075 1315 ,
1117 1227 1247 1331 fiatque

193 1382 203 1393 ·
241 1357 412 1439 propterea
428 1328 597 1407 occasione
608 1329 797 1404 huiusmodi
812 1338 847 1404 in
861 1328 991 1406 diuersis
1005 1331 1088 1405 locis
1105 1333 1247 1408 illarum

128 1428 134 1438 ’
242 1447 382 1539 panium
397 1433 544 1509 seandala
563 1439 690 1534 grauia,
710 1428 920 1509 dissensiones
940 1459 971 1509 et
991 1430 1087 1521 odia,
1112 1460 1245 1534 gnesna..

115 1552 122 1561 '
240 1540 320 1614 tum¹
330 1542 472 1639 pericula
486 1531 644 1621 suscitata,
668 1536 842 1636 prouidere
861 1534 955 1636 super
976 1541 1043 1611 hiis
1064 1563 1131 1636 per
1155 1545 1241 1639 Apo·

221 1643 373 1724 ‚stolicae
385 1637 466 1714 sedis
477 1638 718 1739 prouidentiam
733 1638 952 1739 dignarentur.
987 1644 1058 1714 Nos
1070 1646 1179 1713 initur
1190 1648 1241 1715 in·

240 1750 441 1818 conueniens
458 1763 490 1815 et
504 1748 624 1816 rationi
638 1748 838 1815 contrarium
855 1762 1050 1840 reputantes,
1070 1698 1108 1812 ss
1117 1745 1239 1842 probae

239 1867 271 1919 et
285 1847 436 1944 reprobas
449 1842 562 1917 similis
575 1842 706 1918 censum
726 1844 921 1944 percelleret,
944 1840 1123 1944 praemissis
1136 1851 1237 1921 etiarn

139 1972 143 1985 “
237 1946 395 2023 scandalis
407 1968 439 2017 et
457 1943 712 2031 dissensionibus,
729 1943 816 2019 odiis
829 1966 922 2046 atque
936 1945 1237 2044 periculis-obuiam

208 2130 211 2137 Δ
237 2052 395 2136 uolentes,
404 2055 600 2123 fraternitati
610 2050 736 2122 Veslrae
750 2073 807 2147 per
819 2047 999 2148 apostolica
1011 2045 1134 2146 scripta
1144 2066 1240 2125 man·-

103 2150 108 2157 ’
238 2151 371 2237 tianius,
390 2159 539 2253 quatinus
554 2158 624 2229 Vos,
636 2170 669 2240 et
681 2148 798 2250 singuli
817 2149 983 2235 vestrum,
1003 2154 1038 2222 itt
1053 2150 1168 2224 ueslris
1180 2159 1234 2225 Ci-

156 2264 167 2309 '-
191 2295 202 2319 s
234 2258 382 2339 vitatibus
399 2273 430 2324 et
444 2251 635 2326 Diocefibus
645 2280 703 2352 pet
719 2257 795 2337 Vot,
812 2254 865 2326 vel
879 2278 935 2352 pet
947 2253 1062 2338 alium,
1080 2250 1134 2327 seu
1148 2257 1231 2330 alios

103 2414 109 2431 ,
234 2355 276 2429 de
291 2364 351 2430 vita
369 2354 527 2429 dictarum
550 2356 727 2429 mulierum
747 2353 949 2428 laudabiliter
969 2362 1173 2443 viantium,
1197 2375 1232 2429 vt

234 2454 425 2561 praefertur,
445 2455 628 2556 diligentius
639 2448 830 2542 insorntati,
857 2455 883 2529 si
899 2440 1078 2557 repereritis
1090 2466 1134 2531 ita
1152 2456 1227 2545 esse,
1268 2502 1270 2509 ·

234 2586 306 2636 non
321 2566 508 2662 pennittatis
523 2586 584 2644 eas,
605 2556 659 2630 vel
671 2554 810 2657 ipsamm
823 2559 964 2659 aliquant
978 2568 1013 2631 in
1030 2557 1225 2658 personina

230 2667 329 2739 bonis
343 2689 473 2750 earum,
495 2656 666 2737 oecasione
677 2663 910 2762 prohibitionis
922 2684 953 2734 et
966 2664 1154 2737 abolitionis
1166 2664 1227 2737 bu·

193 2843 201 2852 ,
231 2767 373 2841 iusmodi
387 2789 552 2867 quousque
563 2762 604 2838 de
616 2763 693 2839 slata
706 2789 818 2840 earum
831 2761 1029 2839 fueritalitet
1042 2791 1102 2865 per
1112 2762 1222 2843 sedem

125 2949 129 2956 ,
231 2867 443 2969 apostolicam
458 2867 662 2952 ordinatum,
685 2870 723 2942 ab
741 2869 899 2967 aliquibus
915 2868 1099 2943 molestari:
1120 2870 1224 2945 mole·

228 2971 378 3057 sletores,
404 2967 505 3070 siqui
528 2966 666 3057 suerint,
694 2967 944 3072 percensuram
966 2967 1223 3060 eecsebaslioatn,

118 3145 122 3158 ,
228 3073 447 3173 appellatione
458 3069 632 3172 postposita
647 3068 905 3174 compescend03
930 3098 1002 3146 non
1018 3072 1176 3162 &flante
1196 3075 1222 3151 li

156 3203 159 3210 ¹
228 3183 292 3262 eis,
316 3174 366 3250 vel
382 3198 497 3248 eorum
513 3176 689 3276 aliquibus,
711 3182 932 3252 communiter
945 3177 998 3249 vel
1012 3175 1156 3263 diuisum,
1181 3181 1221 3253 ab

225 3279 339 3352 eadem
351 3277 391 3350 fit
404 3272 479 3349 sede
493 3276 675 3362 indultum,
694 3277 783 3379 quod
803 3277 962 3363 interdici,
982 3272 1147 3379 suspendi,
1166 3281 1220 3356 vel

84 3453 87 3458 .
225 3384 504 3464 excommunicari
514 3379 719 3480 non'poilint
731 3407 790 3482 per
802 3381 916 3455 litteras
930 3380 1035 3456 dieue
1049 3378 1141 3467 sadis,
1149 3409 1220 3458 non

221 3479 383 3557 facientes
398 3485 530 3580 plenam
544 3503 577 3556 et
592 3480 785 3583 expressam,
803 3511 841 3557 ae
854 3483 896 3558 de
909 3485 1009 3559 verbo
1022 3484 1063 3558 ad
1072 3489 1218 3564 uerbum

220 3582 263 3658 de
285 3584 412 3658 indulto
432 3583 620 3657 huiusmodi
643 3592 855 3660 mentionem
912 3587 1072 3660 Volumus
1093 3609 1218 3673 auum.

220 3679 310 3786 quod
326 3686 502 3783 praediun
518 3683 671 3758 mulieres
684 3693 830 3760 attentius
843 3709 875 3763 et
888 3696 1061 3764 accuratius
1077 3701 1215 3764 ntbnea·

217 3793 268 3871 tis,
283 3794 389 3884 eisque
402 3784 574 3860 dislrisliua
587 3793 769 3889 iniungatis,
785 3789 883 3864 nesle
895 3790 1084 3867 huiusmodi
1101 3791 1215 3894 dispu-

214 3890 389 3960 tationibus
404 3889 715 3986 eotttralbuiusmodl
729 3887 1214 3993 ptaedlsiijisaedeeesibrisno·

213 3987 268 4066 slri
278 3985 534 4087 prohibitionem
549 4014 582 4066 et
601 3995 791 4069 abolitionis
809 4009 979 4080 tenorent,
998 3993 1037 4070 se
1057 3999 1211 4100 aliquate-

213 4114 275 4198 nut
288 4096 526 4182 intromittant,
541 4093 597 4171 seii
611 4105 646 4171 ln
659 4096 937 4199 fanbils'opeulbm
956 4095 1157 4198 persislmtes
1173 4124 1209 4176 et

211 4191 416 4293 proficientes
429 4192 556 4296 semper
568 4199 609 4273 de
622 4206 789 4276 viruttibus
808 4210 844 4276 in
864 4208 993 4275 virtuter
1016 4225 1209 4279 inescantur

119 4315 122 4319 ·
207 4296 430 4369 retributionis
449 4319 593 4378 aetennaa
618 4303 929 4404 praemisimus
948 4311 1207 4386 oonineltbnn·

207 4395 302 4483 tibus,
317 4391 372 4469 sed
383 4395 656 4497 perseuerantibue
669 4412 706 4485 in
720 4403 1004 4485 consummatione
1014 4408 1206 4509 praeliatur.

1075 4512 1202 4590 Datum
