2850 5475
398 720 402 729 1
489 613 670 708 proscriptis
689 628 721 688 rt
740 573 907 688 damnate.
1137 621 1203 709 263

192 793 391 880 tellimonio,
413 790 593 895 eodemque
606 793 792 880 certissuno,
814 791 846 869 id
861 794 1091 886 confirmatur,
1112 794 1201 898 quod

117 936 126 955 ·=
190 898 256 973 alio
272 905 339 973 iam
358 901 433 974 loco
449 896 664 974 demonstraui
679 903 734 990 *),
750 896 975 991 Fratrirellur,
988 899 1076 1002 quod
1090 900 1202 976 Hillo·

188 1008 255 1076 riae
269 998 470 1077 Christianae
488 1001 654 1103 scriptores
675 1004 818 1107 plerique
835 1010 1023 1103 opinantur,
1051 1027 1119 1078 non
1135 1001 1198 1079 effe

188 1112 370 1180 conuitium
391 1127 442 1182 aut
466 1105 723 1209 ignominiosum
747 1108 959 1191 vocabulum,
992 1104 1046 1180 sed
1064 1134 1195 1185 nornen

187 1211 428 1297 honorificum,
454 1209 553 1312 quod,
576 1210 751 1287 modestiae
764 1211 835 1286 suae
854 1206 1194 1301 declarandae-caussa,

185 1312 245 1387 fibi
263 1314 438 1414 lieglrordi,
458 1316 577 1416 aliique
590 1317 653 1388 illis
669 1322 796 1415 cognati
815 1312 1054 1411 imposuenrnts
1067 1314 1192 1393 tametfi

183 1426 359 1518 generatim
373 1423 438 1492 hoc
452 1419 645 1493 vocabulum
659 1425 832 1495 hominem
846 1418 1013 1519 significet,
1019 1420 1125 1493 habitu
1140 1446 1190 1495 err·

184 1542 277 1595 terno
292 1518 443 1605 searrem,
464 1521 517 1598 seu
534 1527 743 1598 Monachum
758 1521 970 1610 referentem,
989 1543 1021 1595 at
1040 1528 1121 1596 votis
1142 1519 1191 1596 so·
1230 1536 1235 1543 '

182 1625 306 1709 lutum,
339 1647 371 1698 et
395 1627 476 1699 nulli
501 1629 651 1726 probatae
672 1625 839 1728 religiosae
858 1625 960 1702 sertae
983 1622 1212 1726 adscriptum(

154 1779 158 1783 -
180 1733 289 1803 Genus
305 1727 337 1800 id
352 1733 549 1814 hominum,
569 1731 656 1832 quod
678 1736 728 1805 his
742 1731 920 1815 vocabulis,
944 1750 996 1803 aut
1010 1732 1188 1816 notabatur,
1208 1798 1216 1808 .
1329 1740 1333 1747 ’

87 1842 92 1853 “
179 1853 232 1906 aut
252 1829 354 1905 semet
372 1832 476 1931 ipsum
497 1833 725 1934 distinguebat,
749 1838 923 1908 IOHAN
930 1839 961 1907 N
966 1838 1027 1906 ES
1043 1838 1077 1906 in
1096 1835 1186 1907 binas

178 1933 288 2011 elalset
301 1934 472 2012 distribuit:
498 1943 533 2008 in
546 1935 628 2038 ipsos
639 1939 845 2033 Brglrardos,
866 1958 898 2010 et
913 1944 947 2010 in
963 1942 1100 2020 amieos,
1119 1935 1185 2010 siue

170 2039 330 2137 sequerer,
346 2060 379 2115 vt
393 2041 552 2141 loquitur,
575 2062 628 2114 aut
644 2037 772 2113 asseclas
786 2066 910 2113 eorum.
960 2046 1044 2113 lnter
1057 2035 1184 2133 ass‘eclas
1255 2106 1257 2111 .

177 2163 265 2217 erant
283 2147 461 2228 Monaehi,
483 2140 539 2217 seo
554 2147 700 2244 religiosi
704 2198 715 2226 ,
738 2139 929 2227 sacerdotes,
953 2139 1005 2215 seu
1026 2147 1061 2214 ia
1069 2141 1182 2238 fixeris

95 2302 107 2319 .
177 2251 345 2321 marsitas
370 2248 548 2345 eonstituti,
577 2249 727 2321 nonnulli
753 2251 849 2319 etiam
870 2247 1054 2347 coniugati,
1074 2260 1106 2318 rt
1122 2247 1185 2319 atti

175 2356 386 2453 manuplares.
439 2356 568 2424 Partitio
590 2355 686 2437 haec,
707 2347 868 2424 obscurius
884 2350 957 2422 licet
972 2368 1184 2449 proponatur,
1249 2360 1253 2369 '
1287 2402 1322 2445 q,

173 2450 215 2526 a'rl
235 2461 400 2528 interiores
420 2452 523 2531 sertae
543 2461 680 2527 rationes
694 2450 922 2554 perspiciendas
937 2452 1115 2552 plurimum
1131 2452 1181 2526 lu·

103 2596 138 2629 ·.
169 2564 273 2633 'minis
291 2555 391 2632 affert.
444 2565 520 2634 Late
534 2555 646 2632 diffusa
667 2580 732 2630 erar
751 2585 808 2658 per
822 2554 1089 2658 Argentinensem
1105 2582 1179 2655 pro·
1259 2572 1262 2585 '

172 2657 471 2759 vinciam‘familie
484 2660 745 2757 liberispr'ritur:
766 2688 879 2736 verum
894 2681 995 2734 totam
1010 2667 1075 2734 eius
1088 2656 1177 2732 disci·

171 2766 297 2867 plinam
314 2773 404 2865 pauci
419 2787 544 2838 tanturn
558 2765 720 2864 complexi
735 2787 822 2838 eraut
829 2793 844 2852 ;·
860 2766 994 2862 plurimi
1012 2791 1089 2839 veto
1102 2789 1180 2838 eam

172 2892 297 2942 tantum
318 2867 524 2967 sequebantur
545 2890 576 2940 et
594 2869 780 2967 probabant.
835 2872 901 2938 Aut
918 2886 1000 2940 totus
1021 2893 1083 2965 ego
1098 2870 1177 2939 haee

173 2994 204 3044 et
220 2973 282 3043 alia
295 2998 430 3043 meeum
440 2968 607 3068 diligenter
620 2969 800 3067 expendens
812 2965 920 3053 fallor,
936 2990 988 3041 aut
1002 2974 1080 3041 haec
1093 2968 1176 3044 mul·

171 3071 293 3153 titudo,
317 3079 359 3145 vti
374 3073 542 3172 pleraeque
555 3069 725 3170 rigidiores.
733 3069 844 3152 sedas,
866 3070 1045 3170 composta
1058 3095 1177 3148 eratex

167 3176 322 3271 perfodis
337 3196 367 3247 er
377 3174 629 3272 srrnr'ptrsrdis,
651 3171 703 3245 seu
716 3168 1005 3274 adpersedlionenr
1021 3171 1175 3249 tendenti.

171 3280 237 3356 bus.
289 3279 339 3352 Illi
362 3284 490 3379 proprie
509 3278 702 3352 vocabantur
717 3277 901 3375 Brglardi,
923 3298 1015 3378 atque
1031 3304 1176 3352 cumve·
1285 3288 1287 3292 '
1328 3319 1339 3332 -

170 3384 327 3456 stimenris
341 3381 561 3466 singularibus,
576 3403 644 3453 turn
662 3377 917 3453 mendicandoet
930 3381 1114 3474 aliisrebrn,
1129 3386 1175 3454 in·
1203 3421 1205 3424 ·

170 3493 288 3560 rimam
309 3472 403 3558 suam
419 3512 501 3557 cum.
514 3486 885 3568 ueoeoniuncuonem,
908 3512 1004 3587 quam
1021 3482 1052 3558 se
1066 3480 1176 3558 conse·

169 3612 282 3691 quutos
294 3586 364 3677 ,etse
378 3590 538 3689 putabant,
558 3589 761 3661 testabantur:
788 3591 822 3660 hi
838 3615 927 3673 vero,
940 3587 995 3661 etfi
1011 3594 1174 3664 conuenti-

170 3696 226 3767 bus
246 3690 347 3766 setflae
368 3700 553 3777 intererant,
578 3693 715 3765 inllituta
737 3696 804 3764 eius
823 3692 987 3766 nonnulla
1000 3688 1176 3778 seruabant,

170 3820 263 3898 atque
279 3793 398 3870 sensim
419 3802 568 3868 animum
582 3801 674 3870 variis
688 3798 960 3870 exercitationibus
974 3797 1175 3872 attollerem
1266 3794 1268 3810 '

169 3928 231 4002 que
244 3926 381 4001 purgare
392 3896 567 3983 studebant,
587 3905 669 3973 vitae
685 3918 793 3970 tamen
810 3899 936 3984 llaturn,
950 3906 985 3974 in
1000 3926 1066 4002 quo
1079 3896 1175 3999 politi

391 4056 394 4062 -
703 4003 736 4075 R
760 4023 782 4086 4
1066 4022 1178 4090 «erant,

168 4187 314 4277 pellantur
334 4191 367 4250 in
389 4184 560 4249 Pontificum
583 4182 652 4265 legi·
694 4183 820 4248 conuitii
844 4183 982 4248 nonnihil
1002 4186 1109 4249 habere
1127 4187 1175 4250 si·

169 4279 222 4340 bur
242 4274 377 4338 fratmld
388 4274 421 4334 de
436 4271 585 4355 Opimum,
606 4268 654 4331 »el
694 4271 788 4335 dem.

169 4361 273 4425 italice
284 4358 419 4424 Frarr'relli
431 4357 655 4439 delaOpitriotre:
737 4356 778 4434 ⁸)
805 4356 934 4418 Historia
954 4354 1076 4418 Ordinis
1096 4360 1179 4442 Apo·
1302 4373 1308 4384 ’

172 4449 253 4533 qood
283 4466 391 4509 nornen
419 4445 598 4524 ignmniniae
625 4455 655 4506 et
694 4439 902 4536 stolonuu„p.
920 4448 994 4526 383.
1009 4449 1082 4531 385.
