2850 5475
237 718 362 838 ‚un
527 692 1013 795 'enarrarro

223 945 228 955 ·
299 898 394 983 mihi
431 897 598 994 tradere²
633 923 672 980 ee
699 898 795 1003 quast·
826 897 1089 992 commendare¹
1120 895 1305 1002 potuerit,

301 1040 374 1107 nee
397 1014 515 1112 libris,
552 1015 673 1097 adbuc
700 1043 719 1093 a
744 1042 802 1098 me
827 1015 986 1118 scriptis,
1027 1012 1305 1095 documentum

303 1130 440 1219 dediiie
461 1157 621 1223 certum,
653 1132 760 1234 quod
785 1158 844 1212 me
866 1131 904 1209 in
931 1131 1006 1217 hoo
1022 1130 1223 1208 litteratum
1239 1126 1305 1231 'ge-

238 1254 241 1259 '
305 1272 406 1341 nere,
429 1247 476 1324 ad
492 1249 596 1347 quod
615 1249 892 1325 Moshemianus
910 1248 1000 1324 liber
1016 1247 1192 1349 pertinet,
1219 1267 1305 1323 non

247 1444 259 1463 „
305 1364 399 1447 nihil
422 1363 600 1440 versatum
627 1365 939 1465 exercitatumque
962 1361 1206 1452 demonstret,
1244 1359 1306 1437 ad-

305 1505 430 1579 eoque
453 1479 608 1571 tectores
632 1481 786 1569 adducat
795 1541 807 1585 ,Ι
836 1501 876 1569 vt
899 1504 959 1570 mo
982 1480 1058 1567 hue
1082 1478 1121 1567 in
1143 1474 1306 1579 negotio

227 1650 230 1659 -
303 1594 559 1695 adgrediendo
575 1598 888 1698 exsequendoque
906 1595 1002 1673 rede
1019 1616 1057 1670 ct
1075 1592 1207 1670 ordine
1224 1615 1305 1669 vet-

305 1709 369 1790 sari
387 1712 542 1811 potuiii'c
559 1713 721 1791 credant.
757 1718 862 1816 Qua
878 1710 900 1788 sr
918 1711 993 1813 qui,
1010 1707 1113 1811 quod
1130 1706 1309 1806 suspicor,

305 1826 409 1918 noiie
435 1828 571 1929 veiint,²
600 1829 775 1910 bierunt
799 1829 895 1925 fere,
927 1828 989 1928 qui
1010 1849 1092 1913 tum
1115 1848 1174 1909 me
1192 1847 1306 1909 meas·

194 1986 200 2019 t
308 1965 383 2043 que
406 1940 567 2016 rationes
592 1966 670 2016 non
698 1941 780 2016 satis
803 1964 967 2037 norunt,
1011 1963 1089 2016 tum
1119 1940 1308 2041 ignorant,

308 2054 513 2135 incredibili
536 2057 606 2133 Dei
632 2082 669 2137 o.
686 2083 735 2135 m.
758 2054 991 2159 prouidentia
1018 2054 1114 2135 baud
1140 2078 1222 2132 niro
1248 2076 1309 2130 res

308 2170 447 2250 confici
469 2195 541 2248 nec
564 2170 749 2274 opinatus,
777 2196 814 2249 et
832 2170 1094 2274 saepenumero
1112 2194 1178 2271 pet
1193 2164 1229 2254 se
1246 2168 1311 2277 uite

97 2328 106 2341 ι
173 2382 178 2387 ¹
233 2284 236 2289 ’
309 2287 534 2393 probabiles.
604 2290 756 2366 Horum
786 2313 833 2367 ex
862 2286 990 2365 animis
1023 2309 1067 2363 ve
1093 2280 1311 2386 scrupulum

308 2402 463 2484 eueiiam
489 2428 663 2503 omnem,
692 2403 731 2480 in
756 2404 1001 2507 praefatione,
1030 2425 1139 2504 quam
1155 2399 1311 2496 molior,

253 2570 259 2583 ·
309 2518 388 2597 boc
405 2518 616 2603 faciendum
637 2517 790 2612 censeo,
820 2541 859 2598 vt
881 2520 1002 2621 primo
1023 2517 1116 2595 loco
1135 2514 1311 2616 doceamt

310 2660 332 2713 a
354 2659 434 2738 quo
457 2633 559 2737 libri,
589 2635 637 2712 de
659 2658 739 2739 quo
755 2635 961 2738 quaeritur,
988 2632 1236 2736 fragmentum
1255 2628 1313 2707 di·

308 2749 538 2854 vulgandum
551 2777 774 2853 acceperim
801 2775 902 2850 tum,
933 2774 978 2833 ut
994 2774 1102 2852 quam
1120 2747 1199 2826 fieri
1204 2751 1314 2878 pot

178 2861 182 2870 ’
310 2867 365 2945 est
397 2866 563 2944 modesto
587 2867 805 2971 fignificem,
845 2892 926 2967 me,
950 2891 1069 2944 rerum
1095 2864 1135 2940 in
1159 2861 1315 2941 ciuitate
1336 2899 1349 2940 ·.

299 2980 518 3066 christum
541 2984 718 3085 gestarum
743 3008 823 3061 non
846 2981 995 3087 prorsus
1010 2963 1138 3061 rudem
1155 2997 1195 3056 et
1210 2977 1316 3081 igno

313 3122 418 3196 rum,
441 3096 522 3181 iibri
546 3097 680 3176 edendi
703 3124 827 3175 curam
854 3096 1061 3201 suscepisse·-
1099 3115 1239 3200 portu,
1272 3115 1316 3174 vt

311 3214 437 3322 paucis
453 3214 537 3315 exp]
540 3213 647 3310 icem,
672 3212 788 3315 quid
778 3238 815 3288 m
834 3208 1116 3294 administranda
1128 3210 1197 3290 hae
1213 3206 1344 3311 quoii·

306 3328 508 3435 prouincia
537 3327 704 3410 fecerim:
738 3328 889 3406 caudam
919 3328 1079 3431 denique
1111 3349 1317 3428 exponam,

314 3469 383 3526 cut
416 3442 604 3544 duplicem
635 3444 730 3535 libro
765 3444 1025 3524 Mushemiano
1066 3439 1317 3547 eppen'dicem

111 3599 119 3626 a
263 3558 578 3650 „subiunxerirn
637 3561 742 3664 Qtae
764 3586 835 3637 nec
858 3582 1069 3664 arroganter
1093 3581 1131 3637 et
1149 3555 1317 3638 breuiter

314 3674 498 3788 expofito,
533 3700 637 3772 reor,
674 3673 852 3770 efficient,
892 3698 932 3754 vt
956 3679 1037 3756 viro
1060 3675 1196 3781 cuique
1226 3694 1318 3775 pnt-

270 3831 273 3836 ·
313 3789 434 3880 denti,
463 3815 502 3874 ot
519 3790 613 3876 iusto
631 3817 752 3872 retum
769 3792 1004 3874 existimatori
1020 3791 1144 3872 videar
1158 3785 1317 3868 nonin·

315 3906 526 4006 consultus,
564 3934 635 3994 neo
664 3901 875 3989 temerarius
900 3933 1050 4011 operam
1074 3906 1338 4014 qualemcum-

122 4131 124 4138 .
190 4053 210 4066 '
236 4069 241 4074 ·
314 4045 392 4140 que
409 4048 526 4112 meam
541 4024 575 4116 ei
592 4024 864 4140 promulgando
882 4024 1023 4114 dicaffe·

273 4281 280 4290 ’
401 4253 461 4341 Ac
490 4254 651 4358 primum
682 4254 833 4358 quidem
860 4255 1029 4342 omnium
1057 4254 1318 4384 <rem
1178 4247 1319 4334 ordine

312 4392 459 4466 νῦννυν
481 4372 619 4488 pareo
641 4371 754 4478 mibi.
781 4374 895 4465 thri
920 4375 981 4467 0
994 4374 1043 4468 u.
1060 4359 1318 4606 duffii-Li
