2850 5475
412 683 631 773 temerant
641 701 749 751 nomer
767 683 911 752 ederem
1016 750 1018 757 ,
1088 694 1190 779 ³¹4³,
1257 721 1260 725 ·

156 864 344 962 Principum
361 820 471 936 edidlie
486 855 590 934 sedata
605 854 854 962 quodammodo
868 855 1035 960 videretur,
1053 853 1163 934 denno

151 961 391 1050 exardescebat,
413 987 444 1038 et
465 992 564 1040 nouae
581 971 681 1050 uires,
704 957 1040 1066 nouamquespecienr
1056 965 1163 1064 acqui·
1196 1066 1199 1071 Ι
1322 1052 1325 1060 ,

154 1070 251 1143 rebat
304 1065 462 1154 Credant,
492 1070 603 1169 quibus
626 1069 747 1168 placet,
770 1065 924 1170 quosdam
948 1093 1082 1152 eorum,
1103 1068 1162 1168 qul

154 1171 331 1250 Pontifieiia
355 1169 440 1247 hisce
462 1171 585 1272 legibue
604 1176 777 1272 Beguirros
796 1171 1043 1273 oppugnabant,
1074 1170 1162 1244 bona
1231 1198 1233 1205 ·

154 1274 221 1351 fide
238 1271 346 1375 egisse,
371 1273 458 1378 quod
473 1304 533 1367 nec
547 1268 613 1378 ipse
634 1274 902 1361 inficiariaudeo,
919 1301 1021 1376 quum
1035 1294 1162 1374 tempe·
1206 1312 1211 1325 ·

153 1406 231 1456 rum
252 1405 383 1453 mecum
403 1387 538 1455 rationes
559 1400 691 1481 reputo:
714 1400 745 1454 at
758 1381 903 1481 plerique
915 1399 1043 1465 tamen,
1063 1399 1094 1451 et
1109 1375 1161 1451 illi
1251 1412 1253 1417 v

154 1482 656 1673 isslliulliilllibl‘l
670 1481 951 1688 lilim
961 1481 1178 1659 llil}

154 1719 211 1767 ner
225 1697 371 1764 oratione
384 1713 508 1766 tantum
522 1688 662 1792 speciosa
675 1691 881 1764 exornabant.
932 1685 1104 1764 Vniuersa·
1116 1684 1163 1763 se·

97 1832 112 1847 ·
153 1821 209 1869 cer
224 1793 318 1879 ordo,
341 1816 375 1868 vt
390 1798 428 1868 ab
443 1799 493 1870 lrir
505 1795 681 1895 incipiam,
704 1792 779 1868 ideo
792 1799 849 1868 bae
863 1793 1012 1868 mulieres
1029 1789 1161 1867 iniecta·
1296 1874 1298 1879 ¹

154 1900 265 1984 batur,
284 1904 357 1998 quia
369 1897 426 1971 sibi
441 1905 519 1998 eripi
534 1919 564 1971 et
577 1895 707 1972 subduci
722 1899 868 1998 putabat,
886 1895 969 1999 quae
981 1896 1046 1970 illia
1060 1893 1160 1977 dona·

145 2004 286 2086 bantur,
309 2029 412 2102 agros,
434 2006 556 2089 hortor,
576 2000 706 2086 domos,
725 1997 872 2100 praedia,
893 2021 924 2073 et
939 2000 1017 2075 alia:
1041 2001 1160 2100 inquo

153 2135 224 2182 non
244 2112 351 2206 inepte
371 2103 537 2182 iudicabat.
590 2107 795 2205 Vbicumque
815 2109 976 2185 nimirum
993 2101 1161 2200 Begainn·

119 2240 124 2247 ·
152 2235 231 2283 rum
251 2236 330 2309 grex
351 2207 483 2309 quidam
499 2209 711 2308 colligebatur
726 2229 757 2282 et
768 2204 944 2293 crescebat,
960 2206 1160 2300 (multia-au·

154 2333 221 2387 tem
242 2318 277 2386 in
299 2313 380 2388 locis
398 2311 490 2415 supra
510 2340 646 2387 onmem
661 2309 800 2386 modum
815 2308 994 2402 crescebat)
1014 2309 1059 2384 ibi
1073 2303 1160 2382 haud
1284 2382 1287 2395 ,

153 2445 268 2518 parum
291 2416 330 2490 de
347 2417 533 2492 uoluntariis
553 2416 759 2517 vestigalibus
780 2412 1017 2499 detrahebatur,
1044 2413 1159 2514 quibua

151 2526 224 2623 piae
239 2542 361 2594 mentes
375 2520 573 2619 sacerdotum
590 2544 622 2595 et
638 2523 883 2602 Monaehorutn
904 2545 1010 2620 precer
1024 2537 1056 2589 et
1068 2511 1160 2591 sauo-

151 2651 225 2697 rem
247 2623 407 2698 redimere
420 2624 581 2700 solebant.
632 2623 703 2699 Plua
722 2631 811 2699 enirn
828 2621 911 2724 apud
930 2625 1039 2696 Deum
1056 2646 1161 2723 popu·
1224 2651 1226 2655 ⁴

120 2763 124 2770 ·
152 2728 201 2804 lus
215 2729 411 2803 existimabat
424 2713 666 2830 supplicationes
675 2727 780 2803 valere
793 2724 1012 2802 foeminarum
1027 2723 1158 2802 illarum
1286 2791 1290 2795 .

153 2831 393 2929 religiosarum,
414 2832 633 2908 officiosarmn
647 2852 677 2905 et
690 2829 931 2915 laboriosarum,
956 2828 1159 2930 qualesoern

153 2938 300 3034 primurn
316 2955 415 3018 erant,
435 2960 532 3033 qnam
548 2932 746 3007 secerdotum
761 2954 792 3006 et
804 2929 952 3017 fratruum,
968 2939 1003 3005 in
1018 2931 1159 3008 claustrie

153 3041 342 3121 uiuentium,
366 3043 448 3109 inter
461 3063 541 3135 quos
555 3062 729 3135 perpaucos
741 3042 823 3110 uitae
841 3035 1056 3110 sandimonia
1069 3061 1160 3110 com·

153 3136 342 3223 mendabat,
367 3139 525 3239 plurimos
539 3138 686 3213 libidines
701 3160 733 3212 et
746 3145 821 3214 uitia
834 3137 1077 3212 deformabant:
1106 3163 1159 3222 cu.

152 3248 202 3316 iua
215 3240 346 3343 quidem
362 3249 525 3343 opinionis
537 3243 666 3343 relligio
680 3242 836 3344 quadan
852 3242 956 3316 adhuc
967 3247 1050 3316 inter
1063 3244 1159 3317 chri.
1191 3265 1194 3272 ,
1314 3245 1316 3247 ,

151 3346 269 3420 silanos
286 3352 381 3419 etiam
400 3346 487 3440 illoc,
501 3354 555 3447 qui
571 3350 761 3420 Romanum
777 3346 970 3421 Pontificem
982 3342 1156 3431 deseruere,

149 3446 322 3551 supersunt.
375 3450 453 3524 lllae
472 3447 584 3533 seciae,
607 3477 688 3551 quae
705 3450 789 3523 nihil
808 3448 1006 3551 possidebant
1023 3446 1158 3550 proprii,
1315 3527 1318 3536 ,

150 3574 183 3627 et
210 3551 426 3627 urendicando
453 3550 624 3628 necessaria
643 3552 702 3628 libi
723 3555 933 3655 quaerebant,
960 3555 1169 3655 peculiarem·
1258 3581 1266 3591 ·

92 3748 94 3752 y
150 3658 309 3731 habebant
328 3654 467 3731 cau'tsam
484 3662 709 3757 Beguirrarrrm
729 3655 1157 3759 progress'umimpedienrli,
1303 3700 1307 3709 ·

150 3780 183 3833 et
198 3766 348 3836 inimicos
363 3761 426 3836 illis
439 3761 606 3836 excitandi.
642 3766 683 3835 Vl
699 3769 788 3836 enim
803 3789 919 3861 panem
934 3763 974 3833 ab
986 3762 1057 3835 aliia
1068 3757 1157 3846 baud

149 3860 325 3966 poscerent,
344 3860 397 3938 sed
412 3866 522 3939 labore
537 3892 708 3952 manuum,
722 3864 912 3965 solertiaque
924 3865 981 3938 srbi
1000 3884 1158 3965 pararent,

149 3967 245 4042 multi
269 3988 377 4042 tamen
398 3965 527 4067 sponte,
548 3969 707 4068 religione
727 3975 827 4053 moti,
846 3996 921 4069 erga
944 3996 994 4041 eas
1020 3967 1157 4054 beneliei
1257 4029 1268 4042 .
1299 4041 1302 4048 ,

149 4091 255 4144 erant:
279 4098 318 4144 ex
338 4096 403 4170 quo
417 4068 501 4144 hand
522 4098 636 4170 parum
653 4068 834 4145 detrimenti
850 4101 898 4146 res
910 4069 1044 4146 fratrum
1063 4098 1154 4145 men·
1253 4166 1258 4169 -

149 4173 324 4248 dicentium
347 4177 496 4273 capiebat.
546 4177 760 4248 Dominicani
779 4185 901 4275 praeter
920 4183 1043 4248 haec-et
1058 4178 1154 4247 Fran·

146 4275 263 4351 ciscani
287 4274 353 4350 suar
374 4278 531 4351 habebant
549 4273 683 4367 sorores,
708 4277 749 4351 de
768 4282 882 4380 quibus
900 4276 991 4378 sopra
1005 4278 1154 4363 diximus,

155 4381 356 4463 Drriarias,
387 4386 600 4481 Beguinarum
621 4408 689 4455 non
712 4410 774 4457 vna
794 4382 830 4457 re‘
852 4380 990 4458 similer:
1017 4407 1151 4482 quarum
1213 4380 1217 4388 ’

148 4486 435 4587 opportunitatibur
457 4513 570 4589 quum·
584 4490 808 4589 maximopere
830 4485 1007 4573 studerent,
1044 4478 1153 4557 conse·

999 4612 1155 4698 '‘luffl
1242 4678 1246 4683 .
