2850 5475
279 698 347 783 468
429 692 503 778 Cap.
516 692 599 757 IIII.
642 687 692 754 De
706 687 888 772 Beghardis
904 698 934 753 et
949 622 1160 774 Beguibabns·

282 873 398 943 bantur
421 841 841 965 BrglrnrdiBeguiuarque
866 860 1102 949 mendicantes,
1132 861 1305 964 multaque

282 973 339 1047 sibi
355 971 522 1045 domicilia
536 991 566 1041 et
578 975 611 1041 in
628 970 764 1050 urbibus,
785 988 816 1040 et
832 972 865 1038 iu
883 973 982 1066 agris,
996 969 1205 1041 exstruebant.
1245 979 1303 1041 lle·

306 1083 423 1150 errime
444 1071 587 1145 ferebant
608 1076 690 1143 hauc
706 1071 867 1143 licentiam
884 1069 995 1153 seclae,
1022 1091 1070 1144 tot
1085 1072 1212 1170 legibus
1226 1099 1301 1144 con·

322 1175 383 1253 ll'ae
397 1200 428 1250 et
444 1200 578 1258 notatae,
595 1182 651 1248 viri
668 1177 779 1275 graues
795 1173 825 1247 el
845 1180 888 1247 rei
901 1175 1051 1275 publicae
1063 1194 1221 1259 amatores,
1245 1181 1298 1277 qui

221 1299 224 1303 ’
282 1312 339 1385 per
363 1291 511 1383 ignauam
534 1285 617 1351 hane
640 1281 765 1352 turbam
785 1280 943 1378 populum
961 1279 1098 1352 mirifice
1114 1286 1247 1364 vexari,
1270 1301 1298 1352 et

179 1408 181 1415 '
284 1390 377 1460 bouis
392 1384 452 1460 suis
467 1390 541 1458 exui
553 1385 736 1456 cernebant:
762 1381 814 1456 sed
834 1384 978 1456 vincebat
992 1403 1179 1482 temporum
1195 1381 1299 1482 super·

284 1491 387 1572 stitio,
409 1516 488 1590 quae
507 1515 545 1560 ex
567 1491 709 1588 precibus
730 1508 761 1560 et
781 1485 894 1559 sandlis
914 1485 1139 1559 mendicorum
1162 1487 1298 1561 illorum

289 1595 449 1694 operibus,
463 1597 570 1665 omnis
584 1597 707 1690 generis
723 1590 854 1664 salutem
865 1611 899 1687 et
911 1588 1094 1664 felicitatem
1105 1595 1300 1691 expeelahat⁴

291 1707 375 1779 Inter
401 1704 537 1796 priuatos
556 1694 661 1768 nullus
676 1722 731 1767 eos
744 1700 809 1768 hoc
823 1715 890 1766 toro
909 1691 1030 1767 saeculo
1045 1701 1146 1768 acrius
1161 1718 1194 1769 et
1210 1701 1300 1769 vehe-

93 1868 98 1883 ,
195 1866 198 1871 .
293 1808 431 1875 mentius
447 1802 626 1898 obiurgauit
644 1820 676 1872 et
691 1798 856 1881 laceffiuit,
883 1826 979 1898 quam
997 1801 1227 1871 celeberrimus
1249 1800 1301 1873 ille

195 1928 199 1940 '
291 1907 466 1984 Heluetus,
486 1907 633 1975 FELIX
657 1905 970 1976 Mh'LLEOlNS
989 1899 1058 1988 seu,
1080 1923 1112 1976 vt
1129 1907 1300 1976 Germani·

292 2037 329 2081 ce
341 2031 481 2095 vocatur,
497 2009 531 2077 ll
543 2015 567 2079 A
577 2011 603 2077 F.
613 2009 877 2090 MMERLlN,
896 2012 973 2079 luris
988 2012 1147 2114 utriusque
1163 2011 1302 2094 Dortor,

163 2202 167 2206 Α
293 2132 325 2186 et
337 2108 545 2183 Tliuricensrs
561 2132 688 2193 cautor,
714 2116 761 2181 vir
777 2136 836 2208 pro
850 2116 965 2192 aetatis,
989 2138 1049 2208 qua
1064 2113 1211 2194 viuebat,
1233 2140 1302 2185 mo·

294 2212 341 2288 do
365 2240 433 2286 non
453 2213 589 2285 eruditus
611 2211 729 2295 modo,
752 2241 862 2284 verum
887 2220 982 2285 etiam
1001 2211 1155 2286 facundus
1168 2237 1201 2287 et
1217 2222 1302 2316 inge·

293 2314 412 2393 niosus.
450 2321 525 2388 Eius
541 2343 657 2414 nempe
671 2316 770 2388 libelli
785 2317 906 2417 aliquot
918 2321 1024 2389 extint
1038 2324 1071 2388 in
1087 2317 1303 2404 Lotthardos,

91 2495 95 2503 ,
150 2504 155 2517 „
280 2410 487 2518 'Begordon
508 2422 894 2516 Bcginmetllrguttas,
922 2423 1029 2522 quibus
1050 2442 1119 2494 tum
1140 2423 1303 2508 Heluetia,

296 2530 525 2622 contiguaeque
546 2529 689 2621 regiones
711 2523 925 2605 abundabant,
955 2532 990 2596 Α.
1019 2540 1122 2611 1438.
1150 2532 1302 2598 oratione

224 2646 227 2657 ⁴
297 2628 378 2703 adeo
391 2630 573 2701 vehementi
590 2647 620 2698 et
634 2628 744 2697 acerba
760 2633 891 2712 exarati,
919 2650 952 2700 vt
965 2631 1046 2700 nihil
1063 2629 1126 2701 lieri
1141 2625 1237 2725 poffit
1250 2636 1300 2699 in·

296 2710 455 2807 ffirioliur.
503 2727 757 2820 Conlunduutur
775 2730 813 2801 ab
836 2759 876 2803 eo
900 2733 1086 2826 Brghordi,
1107 2736 1234 2831 proprie
1255 2738 1301 2805 ita

107 2859 112 2880 ¹
249 2911 252 2922 ,
297 2834 394 2926 dicti,
417 2858 492 2907 cum
516 2835 707 2918 Lollrurdir,
733 2834 798 2907 hue
821 2835 947 2909 Celticis
966 2858 1018 2908 out
1040 2840 1231 2918 Alexionis,
1257 2836 1301 2909 (li-

297 2938 375 3024 herli
395 2938 523 3010 instituti
538 2940 742 3011 hominibus:
766 2961 796 3010 et
809 2939 911 3036 plures
927 2935 1013 3011 hunc
1028 2938 1089 3013 illis
1102 2943 1299 3039 temporibus

154 3094 167 3113 2
207 3130 215 3148 κ
258 3118 264 3134 ‚
296 3068 440 3116 errorem
462 3037 710 3133 coirimilemnt,
732 3044 841 3142 quibui
856 3045 1101 3139 Beghardorum
1118 3065 1149 3115 et
1164 3046 1299 3117 Lolliae

259 3199 260 3206 1
295 3149 410 3218 mum
433 3150 569 3217 nomina
595 3142 776 3244 prorniscue
804 3146 902 3244 vulgo
929 3144 1177 3232 adhibebantur,
1211 3170 1244 3221 et
1269 3156 1299 3221 in

294 3250 449 3324 omnibus
467 3251 684 3346 ponebantur,
703 3251 812 3347 quibus
829 3256 861 3321 in
878 3246 1003 3333 lonle,
1026 3250 1112 3349 quod
1134 3255 1298 3336 vocabant

296 3361 377 3437 otio,
396 3351 463 3424 line
475 3375 556 3423 certo
575 3351 646 3449 lege
658 3354 773 3436 viuere,
790 3373 821 3424 et
833 3353 981 3425 alimenta
1000 3354 1187 3429 mendicare
1201 3360 1298 3457 placo

216 3452 230 3540 ’ζ
293 3456 362 3541 bat,
388 3448 532 3530 moribus
552 3456 625 3527 licet
647 3460 728 3528 inter
749 3453 780 3528 se
803 3476 833 3527 et
856 3461 937 3529 vitae
957 3464 1078 3530 ratione
1100 3486 1299 3561 magnopere

292 3557 475 3633 differrent:
508 3578 538 3629 at
557 3586 616 3630 nec
637 3563 677 3630 ita
699 3580 828 3643 tamen,
856 3582 936 3657 quae
955 3560 1190 3661 distinguenda.
1203 3585 1297 3646 erant,

290 3665 316 3736 F
325 3665 443 3738 ΕΗΧ
462 3659 589 3745 miscet,
619 3683 652 3733 et
672 3683 804 3735 attentos
826 3663 958 3737 leones
979 3662 1090 3765 frigere
1109 3668 1229 3766 polilt,
1262 3667 1297 3742 de

266 3827 271 3842 .
290 3765 409 3866 duplici
426 3792 501 3837 euni
514 3791 630 3865 genere
645 3765 744 3867 loqui.
794 3774 895 3865 Atque
911 3764 986 3866 ipse,
1006 3768 1091 3841 eliud
1107 3772 1253 3870 agend0,
1267 3779 1299 3848 itt

288 3870 562 3951 adnotationibus,
591 3871 701 3970 quibus
729 3870 919 3946 Pontificum
941 3871 1028 3971 leges
1046 3877 1202 3972 quaedam
1231 3879 1299 3950 illu·

96 4043 99 4050 ,
227 4007 259 4070 ι,
285 3974 376 4056 llrat,
403 3978 553 4047 homines
575 3973 664 4057 illos,
697 4000 775 4075 quos
795 3980 967 4047 communi
990 3975 1250 4074 Beghardorum
1271 4001 1299 4054 et

273 4063 528 4149 'hilaritarem
552 4077 707 4151 uocabulo
730 4076 887 4179 dellgnat,
912 4085 947 4153 io
963 4079 1050 4154 binni
1063 4078 1163 4154 scetes
1180 4084 1298 4183 disper.

285 4181 377 4260 titur,
398 4185 598 4282 incautosque
610 4189 701 4255 tacite
718 4206 848 4268 monet,
868 4208 910 4255 ne
923 4191 1037 4258 onmia
1059 4194 1187 4288 verique
1202 4216 1299 4264 cont·

168 4317 170 4321 v
223 4289 229 4322 ¹
284 4286 397 4352 munic
418 4279 480 4353 effe
500 4283 663 4372 censeant,
685 4313 763 4388 quae
787 4287 998 4388 reprehendit.
1049 4296 1101 4363 Sic
1121 4301 1219 4366 enim
1245 4299 1300 4387 *):

1193 4399 1294 4494 infir.

296 4523 350 4606 ’)
361 4516 448 4589 olor·
458 4521 614 4604 Bollantm,
625 4549 679 4615 per
692 4529 858 4613 rabodo·
872 4535 1101 4622 impetraturum.
1114 4536 1141 4626 9.Ι
1152 4543 1187 4603 C.
1200 4561 1229 4626 3-
1242 4563 1274 4609 2.
