2850 5475
196 652 261 721 ¹52
302 632 377 720 Cap.
389 634 436 702 ll.
482 633 722 715 Demusieribttt,
742 654 819 722 quat
829 636 950 723 prim
960 636 1111 709 mm*

198 811 353 885 clientum
378 804 506 879 suorum
529 808 689 909 aliquem,
709 828 872 908 tamquam
891 807 1087 882 beneficium
1103 807 1206 909 quod-

198 914 290 997 dam,
312 907 545 985 transferebant.
576 913 678 984 ‘Aliis
694 916 728 982 in
744 913 869 985 vrbibus
884 913 1085 1011 magistratus
1100 940 1142 986 ex
1155 941 1205 986 or·

196 1016 278 1092 dine
300 1013 355 1089 suo
370 1015 543 1088 nonnullos
560 1013 759 1115 designabat,
788 1024 841 1115 qui
858 1017 1026 1115 magistrae
1039 1018 1206 1115 Begm'ett·

198 1146 275 1195 rtem
288 1147 351 1219 ope
366 1149 402 1192 ac
419 1117 556 1193 consilio
576 1116 723 1192 adessent.
774 1125 814 1192 Et
827 1122 942 1220 ubique
954 1117 1031 1204 sere,
1047 1127 1206 1220 quoniam

199 1231 269 1309 bae¹
281 1222 429 1297 mulieres
449 1230 579 1324 proprie
594 1221 758 1323 religiosae
772 1251 839 1296 non
856 1246 962 1306 erant,
982 1251 1043 1296 nec
1057 1230 1205 1298 Romani

139 1413 142 1418 .
198 1322 362 1404 Pontificio
378 1331 562 1403 audioritate
579 1335 658 1400 inter
672 1335 754 1399 ciues
768 1327 914 1400 ecclefiae
926 1334 1079 1428 receptae,
1103 1335 1207 1429 magi·

201 1434 310 1507 nnus
330 1429 511 1532 supremam
531 1430 586 1503 fibi
605 1432 789 1531 poteslatem
806 1437 839 1502 in
855 1430 944 1530 ipsas,
966 1437 999 1504 in
1017 1430 1153 1520 domos,
1179 1453 1207 1506 rt

201 1537 288 1608 bona
309 1562 418 1607 earum
440 1537 623 1634 arrogabat,
644 1558 674 1607 et
696 1558 729 1608 vt
749 1541 901 1610 omniurn
915 1535 1148 1636 collegiorum,
1172 1542 1206 1609 irt

202 1646 328 1713 ciuitate
349 1646 555 1722 coeuntium,
576 1637 621 1710 src
640 1644 759 1712 horum
781 1666 908 1738 quoque
928 1667 1038 1712 curam
1057 1660 1089 1712 et
1105 1640 1207 1713 cullo·

125 1754 128 1759 ’
201 1741 291 1821 diem
309 1740 396 1817 adse
413 1749 585 1842 pertinere,
608 1743 832 1815 reluduntibus
845 1744 919 1815 licet
934 1740 1108 1842 episcopis,
1131 1760 1209 1817 cort-

200 1846 359 1922 tendebat.
414 1852 502 1919 Hinc
516 1847 585 1919 lites
599 1844 687 1946 saepe
701 1852 784 1918 inter
796 1846 949 1945 praesules
963 1868 993 1920 et
1007 1849 1207 1947 magistratus

201 1955 330 2026 urbium
347 1947 386 2020 de
404 1949 513 2022 caussis
531 1953 752 2048 Begaitrnrrtm
768 1949 1012 2048 cognoscendis,
1038 1950 1207 2025 nasceban-

90 2106 95 2119 .
203 2075 263 2128 tur.
315 2055 510 2128 l'atiebautur
528 2056 562 2125 hi
588 2052 718 2153 quidem
739 2052 937 2153 episcopum,
962 2075 1015 2126 aut
1036 2062 1104 2129 eius
1127 2053 1207 2131 iudi·

203 2185 279 2231 cem
301 2179 331 2229 et
347 2163 523 2241 vicarium,
543 2164 764 2229 contentiones
782 2163 814 2228 iu
828 2157 1001 2233 domiciliis
1015 2157 1089 2257 ipsse
1102 2165 1207 2232 orien·

204 2281 268 2345 tes,
299 2261 388 2333 leues
405 2263 610 2360 plerumque,
645 2261 823 2360 nulliusque
846 2260 1013 2361 ponderis,
1042 2261 1207 2346 dirimere,

204 2364 477 2464 car·cere,aliisque
492 2370 604 2464 poenis
620 2366 799 2461 Beget'nas,
816 2371 849 2437 in
864 2367 950 2462 leges
967 2364 1123 2440 societatis
1138 2391 1206 2467 pec·

205 2489 321 2553 cantes,
335 2468 476 2556 afficere3
502 2468 668 2567 Magillras
684 2465 807 2542 vitiosas
823 2489 853 2541 et
869 2470 1017 2543 officium
1033 2467 1208 2546 deserentes

207 2599 343 2646 munere
363 2571 419 2644 suo
440 2578 581 2670 primum
607 2572 729 2672 aliaque
743 2571 855 2645 similis
867 2581 990 2672 generis
1002 2575 1210 2648 constituere:

207 2682 319 2753 verum
338 2679 449 2777 quibus
471 2683 514 2747 rei
533 2672 652 2773 aliquid
671 2697 700 2747 et
716 2684 896 2751 certaminis
909 2707 982 2751 cum
999 2679 1122 2751 ciuibus
1135 2698 1209 2762 erat,

207 2796 259 2854 aut
275 2807 353 2879 quae
367 2779 521 2857 dclielmu
539 2779 700 2879 quoddam
718 2777 924 2866 admiserant,
947 2810 996 2855 ets
1012 2786 1048 2853 in
1059 2780 1139 2856 fotu
1155 2780 1209 2855 suo

114 2972 124 2979 η
207 2881 347 2956 caussam
368 2882 472 2956 dicere
491 2883 660 2983 volebanrae
693 2881 836 2957 similiter
862 2882 1039 2958 vrtiuersam
1063 2883 1215 2960 sodalita-

206 3009 273 3061 tem
296 2992 464 3087 padlorum
490 2984 620 3058 suorum
647 2989 936 3087 approbationema
951 2987 982 3061 se
996 3010 1120 3088 petere,
1146 3018 1211 3063 ma·

207 3092 379 3194 gislrasque
400 3119 436 3161 ac
464 3112 579 3163 tutores
599 3087 654 3161 srbi
678 3091 885 3176 rationes,·fi
907 3090 1087 3193 poscerem,
1119 3092 1213 3165 edere

208 3193 334 3279 debere,
353 3194 558 3293 disputabant.
609 3199 703 3293 Qte
727 3203 840 3267 omnia
854 3224 954 3296 quum
976 3195 1015 3268 ad
1038 3192 1068 3268 se
1089 3202 1214 3270 trabere

207 3297 365 3374 sluderent
388 3326 494 3370 rerunt
520 3295 677 3369 sacrarum
699 3299 862 3392 antistitem
897 3300 964 3374 fieri
987 3326 1055 3372 non
1077 3322 1213 3401 poteret,

208 3407 286 3500 quin
309 3401 460 3475 difficiles·
477 3398 566 3498 saepe
590 3408 839 3492 concertationes
863 3411 944 3476 inter
966 3410 1025 3482 hos
1047 3425 1079 3478 et
1106 3411 1214 3503 magi-

206 3505 322 3580 ssratus
337 3503 426 3600 super
450 3508 659 3602 Beguiuubus
673 3506 853 3580 existerent:
875 3535 955 3606 quae
973 3534 1154 3605 numquam
1170 3516 1216 3583 itt

207 3611 503 3706 componebantur,
525 3635 584 3680 uec
599 3613 638 3678 ita
656 3617 812 3708 componi
828 3629 984 3712 poteraut,
1005 3633 1038 3686 vt
1050 3608 1216 3688 differtsto·

207 3716 257 3786 nis
270 3708 376 3785 fomes
391 3720 514 3812 penitus
531 3717 771 3812 extingueretur.

645 3883 675 3977 e.
704 3885 772 3957 m

282 4020 370 4089 Rona
391 4024 600 4101 communia,
624 4015 708 4089 vnde
731 4020 836 4101 cibus,
858 4018 1060 4103 vestimenta,
1080 4040 1113 4094 et
1131 4025 1217 4123 quae'

208 4140 330 4216 praeter
350 4124 428 4191 baec
443 4126 505 4190 vita
521 4126 696 4195 hominnm
712 4128 858 4221 requirit,
880 4126 1120 4222 praeberentur,
1142 4152 1216 4215 non

208 4243 295 4295 eraut
313 4225 530 4318 Begur'ttalrus.
581 4222 720 4296 Miserae
733 4223 883 4323 quidem,
903 4229 940 4298 ab
962 4234 1108 4300 humano
1125 4236 1217 4305 autri·

208 4322 255 4398 lio
271 4332 362 4397 omni
380 4326 518 4404 relidere,
547 4329 667 4400 morbis
684 4324 862 4414 confectae,
886 4333 1015 4428 publico
1027 4329 1145 4416 summ,
1159 4331 1215 4409 seu

210 4450 248 4504 ex
264 4427 408 4503 thesauro
421 4452 610 4531 pauperum,
632 4433 809 4519 alebantur:
832 4447 953 4515 ceterae
964 4434 1157 4520 laborando,
1179 4445 1218 4514 in

1097 4566 1218 4643 primu
