2850 5475
176 568 228 667 as
286 570 412 669 cant.
455 578 505 650 oe
520 581 665 673 poentio
683 585 715 647 a
731 578 849 667 sega«
866 548 1085 648 mitani-

182 763 233 831 tio
248 761 285 832 n.
299 779 403 848 ¹235.
417 748 497 840 data,
513 783 573 857 qua
588 747 769 830 facrdtatetn
784 750 1010 829 teovtuta'
1028 746 1096 835 illia
1113 752 1193 831 'eou-

180 859 276 945 redit,
288 857 427 934 domum
445 859 620 947 extruendi,
634 880 695 961 qua
709 865 929 962 pauperrimae
942 879 1005 932 eta
1149 880 1193 951 tes¹

181 995 201 1040 a
221 965 348 1063 reliquis
362 962 577 1039 secludantur:
600 971 688 1039 errius
701 962 916 1066 permistionis
930 967 1013 1036 hauc
1054 954 1088 1036 bi
1102 990 1193 1039 caut·

179 1066 247 1145 sam
267 1061 358 1142 suilse
381 1067 404 1141 fi
429 1063 554 1153 n'iiicar,
581 1074 667 1165 quad
688 1086 773 1165 prae
792 1066 958 1165 eomitissa
983 1058 1193 1165 multitudiue

139 1164 147 1180 Χ
180 1179 346 1248 austerum
376 1174 419 1244 ibt
439 1174 539 1275 simui
557 1174 593 1245 ia
612 1168 807 1244 domunculis
828 1171 1059 1250 habitantium,
1092 1182 1192 1244 taata

135 1330 138 1341 ·
178 1280 389 1376 contiguitate
403 1277 579 1371 constrictio
585 1271 668 1373 siant
681 1297 792 1347 aarum
806 1277 952 1356 cubicula,
966 1276 1062 1371 quod,
1079 1279 1192 1373 atique

99 1449 101 1453 .
177 1396 287 1454 taratra
308 1394 515 1479 aegrotante,
544 1384 625 1452 atiae
644 1383 682 1450 dc
704 1379 869 1474 mcfftata
888 1391 945 1450 aet
969 1376 1193 1468 infirmentur,
1221 1444 1224 1450 ⁴

178 1500 237 1558 aut
250 1481 368 1577 sapon
386 1486 574 1576 prioratui.
626 1484 720 1555 Haec
740 1509 809 1556 non
829 1477 1006 1555 omittenda
1020 1476 1087 1555 eise
1101 1477 1191 1568 duxi,

178 1613 221 1664 ue
239 1585 407 1660 obscurum
428 1584 603 1670 videretur,
625 1613 686 1686 qua
709 1613 744 1658 re
763 1586 942 1659 Lvuov
955 1588 1077 1659 lCVS
1095 1582 1191 1659 iudu-

176 1694 246 1768 dlua
267 1683 379 1775 suerit,
412 1711 445 1764 ut
468 1686 757 1789 Cetrripratenlium
782 1686 945 1791 sigillatim
966 1690 1191 1788 lleguioaruut

174 1795 352 1874 ustionibus
366 1791 562 1876 consuleret,
583 1791 809 1895 etmaghillis
831 1793 1021 1866 munificum
1044 1788 1077 1863 se
1099 1816 1192 1894 prae-

176 1901 282 1981 beret,
307 1918 405 1998 quarn
421 1890 658 1982 l‘arifi'eulibus,
683 1923 818 1999 quarum
833 1918 941 1970 tannen
956 1918 1070 1993 parens
1086 1896 1191 1971 veluti

178 2023 255 2077 erat.
305 2000 475 2074 Postremo
489 1996 575 2074 idern
589 2006 658 2075 Rex
672 2006 705 2074 in
727 2000 922 2097 Testamenta
934 2021 1032 2082 cauri,
1045 2022 1090 2072 ne
1107 2023 1191 2105 quae

179 2105 353 2203 Bagainis,
381 2098 495 2205 passim
516 2111 549 2179 in
574 2110 747 2206 prouinciis
767 2104 963 2206 degentibus,
990 2099 1189 2191 decreuerat,

177 2236 282 2285 eunua
299 2203 455 2309 stipendia*
465 2207 548 2311 ipsu,
563 2206 594 2283 se
610 2215 672 2283 vira
686 2206 812 2296 fundo,
827 2204 1089 2282 subtraherentur.
1120 2210 1168 2284 V
1160 2234 1193 2280 a·
1212 2254 1221 2277 .

180 2317 283 2388 tanos
297 2312 423 2411 iusuper
437 2327 468 2386 at
477 2316 699 2408 praeripimus,
721 2315 980 2413 utprarriſsanern,
1001 2312 1191 2408 quarusui·

156 2470 159 2475 ,
181 2439 266 2499 nas,
288 2418 479 2510 quibusdam
493 2416 622 2510 iniustis
637 2416 827 2501 oratinibus,
847 2441 926 2512 qaae
941 2438 1060 2487 anov
1071 2438 1122 2487 ru
1132 2441 1189 2489 rre

179 2522 338 2598 diruatur,
359 2522 393 2589 ia
408 2523 535 2621 diuerstr
549 2521 731 2592 ciuitatibus
743 2535 774 2593 rt
792 2519 875 2593 uitiis
888 2516 1032 2616 religiose
1045 2523 1193 2615 degenti·

110 2609 119 2634 l
179 2627 250 2706 bat,
260 2622 369 2717 seruat
391 2636 421 2693 ct
444 2623 668 2693 tentationes
686 2622 801 2716 aristae,
822 2626 877 2719 qui
894 2617 1139 2716 nobirseccedet
1154 2624 1191 2695 ire

179 2748 294 2824 regno,
313 2738 343 2796 tt
360 2752 429 2798 caat
437 2724 571 2820 seruari
577 2725 698 2819 faciat,
722 2730 878 2809 attineri,
899 2724 1048 2823 quamdiu
1063 2727 1192 2797 uixerit

78 2825 80 2830 ’
117 2859 124 2870 ·
179 2851 288 2901 samm
311 2834 483 2924 quaelibet:
514 2854 593 2932 quaa
613 2830 753 2900 videlicet
774 2829 947 2927 afflgnatac
966 2852 1032 2899 aaa
1047 2825 1190 2922 saeviat

178 2933 259 3006 elias
274 2946 487 3026 competenter.
540 2936 618 3005 Hoc
635 2937 717 3031 regis
731 2928 860 3018 iussum,
879 2957 953 3004 mea
967 2923 1100 3032 quidem
1115 2928 1188 3005 sen.

178 3042 284 3122 tentia,
300 3034 339 3110 ad
355 3037 424 3110 illas
439 3033 638 3138 porillirnunt
656 3037 816 3131 Beguinas
829 3039 972 3136 pertinet,
987 3061 1067 3134 quae
1081 3035 1189 3111 aeol-

176 3140 269 3240 legiis
290 3136 440 3223 semotae,
462 3163 516 3214 aut
535 3146 570 3213 in
589 3144 736 3240 paternis,
756 3160 807 3212 aut
823 3147 1083 3240 propinquorum
1099 3138 1189 3213 aedi·

98 3317 101 3322 ,
177 3242 417 3326 bueviuebant:
441 3268 545 3343 neque
570 3246 672 3328 enim,
698 3241 784 3342 quod
806 3243 921 3318 harum
944 3267 1049 3316 rerum
1063 3250 1187 3343 peritus

178 3343 289 3444 sugere
309 3372 378 3419 non
396 3343 517 3445 potest,
551 3342 674 3420 necesse
695 3366 777 3432 erat,
816 3348 879 3422 illis
900 3347 1117 3447 temporibus,
1149 3367 1187 3423 vt

179 3473 305 3531 omnes,
328 3473 407 3548 quae
425 3452 490 3521 hoc
512 3450 687 3523 inslirutum
710 3450 999 3550 ampleilebantur,
1026 3457 1061 3523 iu
1076 3451 1187 3550 publi.

178 3580 231 3625 cas
245 3549 334 3623 aedes
348 3558 541 3651 migrarent,
565 3555 722 3651 Baguiais
736 3551 866 3630 dicatas:
896 3555 1054 3655 plurimae
1068 3559 1103 3626 in
1119 3559 1187 3654 pri·

178 3659 258 3731 vatis
271 3652 461 3740 domiciliis,
483 3676 535 3729 aut
555 3663 636 3730 inter
650 3651 823 3731 familiares
838 3680 868 3731 et
882 3677 1046 3760 cognatos,
1073 3679 1127 3731 aut
1147 3665 1187 3736 itt

129 3793 132 3798 ·
176 3783 349 3861 paucarum
364 3755 512 3831 sororum
524 3760 734 3834 contubernio
748 3755 957 3837 versabantur.
1009 3766 1189 3837 Eamuero

109 3939 114 3947 ,
177 3864 367 3962 opinionem
384 3889 454 3935 non
467 3862 570 3936 modo
584 3862 618 3936 id
634 3866 716 3935 nrihi
732 3860 846 3949 suadet,
861 3864 946 3968 quod
963 3868 1145 3940 Lvoov
1158 3872 1188 3940 1.

181 3968 273 4038 CVS
285 3991 334 4035 eas
347 3968 526 4060 Begainas,
547 3994 682 4064 quarum
699 3994 802 4040 annua
819 3961 926 4043 salaria
943 3990 1025 4043 vetat
1043 3969 1134 4054 tolli,
1161 3998 1184 4044 a

76 4123 79 4138 ,
180 4066 390 4165 superioribus
412 4067 514 4167 longo
534 4068 602 4144 saris
621 4067 793 4144 interuallo
814 4066 982 4167 disiungir,
1008 4067 1062 4145 sed
1076 4079 1185 4157 etiam

180 4171 258 4252 troc,
267 4167 351 4268 quod
366 4168 492 4243 easdem
505 4194 536 4243 et
551 4180 585 4246 in
599 4173 735 4255 orbibus,
750 4194 781 4246 et
795 4178 828 4246 in
842 4179 930 4248 uillis
939 4176 1053 4275 degere
1068 4175 1185 4254 tradita

181 4279 245 4346 ruri
268 4278 368 4354 enirn,
392 4292 421 4344 er
443 4280 476 4343 in
491 4274 584 4359 villis,
606 4280 741 4373 hospitia
754 4277 930 4359 eiusmodi,
952 4284 1185 4377 Begaiourrem

181 4373 376 4453 societatibus
402 4396 488 4479 apra,
506 4403 583 4459 uou
605 4369 896 4482 solebaurexssrui,
919 4379 973 4459 sed
995 4392 1184 4462 tantumne

778 4519 782 4525 ·
1092 4489 1181 4569 urbi·
