2850 5475
428 701 609 790 perstrictis
629 711 660 770 et
679 682 855 775 demusin
898 702 901 709 ’
1066 711 1133 793 ⁴⁶7

227 824 237 853 ἱ
1185 843 1187 849 .

137 896 249 964 necue,
265 884 422 952 incertum
435 877 497 951 ell:
516 876 608 952 silent
621 881 702 951 Ac'la
716 879 864 952 concilii:
883 899 913 951 et
927 898 1048 954 tantum
1066 880 1132 956 sor·
1159 851 1161 870 Ι

135 1001 167 1055 te
182 983 278 1055 veluit
292 980 375 1082 apud
389 981 503 1057 iudicet
517 980 660 1054 docilitas
674 986 827 1065 audietis,
853 1004 886 1055 vt
900 987 981 1055 lranc
995 993 1022 1056 ei
1040 994 1131 1085 igno·

112 1092 281 1162 minium
297 1091 496 1159 remitterent.
547 1091 775 1187 Qaecumque
796 1111 895 1186 porro
917 1087 1131 1168 GRABON
1167 1131 1170 1136 ·
1315 1116 1334 1135 ··

134 1192 217 1272 tulit,
242 1216 277 1260 ea
292 1195 440 1276 minime,
461 1185 547 1291 quod
564 1194 604 1262 Μ
617 1194 774 1264 innuo
790 1217 865 1262 cum
882 1192 1131 1268 Mussnsso'

134 1290 192 1367 suo
208 1291 348 1377 videtur,
369 1294 412 1369 ob
428 1306 553 1368 vexatos
568 1314 598 1366 et
613 1315 735 1367 temere
753 1290 909 1368 accusatos
925 1292 1131 1382 Gerardinoe,
1201 1322 1207 1338 ⁸
1260 1344 1262 1347 -
1299 1292 1301 1294 ’

104 1452 107 1457 -
134 1393 382 1470 seucommunie
395 1402 476 1471 vitae
491 1394 611 1470 sodales
624 1395 782 1472 susliuuit:
804 1398 892 1471 nulla
904 1422 1024 1497 nempe
1035 1400 1142 1495 lmine¹
1191 1413 1196 1423 “

129 1497 235 1574 sectae
249 1500 297 1573 vel
305 1506 350 1573 'in'
362 1499 503 1574 iudicum
518 1497 684 1588 sententiis,
704 1500 754 1576 vel
769 1498 1023 1586 insectantem,
1044 1494 1132 1602 quod
1196 1590 1202 1601 .

133 1601 227 1676 edere
247 1601 368 1688 debuit,
391 1610 568 1678 memoria:
598 1632 716 1703 poenas
732 1610 823 1680 mice
837 1603 924 1677 dedit
935 1610 1131 1704 opinionum
1174 1674 1177 1679 .

135 1705 176 1781 de
189 1714 417 1805 communitate
433 1708 593 1781 bonorum
612 1709 723 1792 nullia,
749 1706 807 1779 nisi
824 1712 1013 1794 Mounesis,
1035 1710 1131 1797 licita,

134 1831 166 1884 et
180 1808 220 1882 de
234 1817 314 1885 vitae
330 1808 494 1910 religiosae
508 1811 659 1910 dignitate
671 1837 707 1884 ac
722 1811 913 1909 praestantia.
967 1810 1017 1884 Ad
1033 1835 1130 1886 extre·

134 1940 229 1987 mum
257 1910 338 1988 salso
365 1918 574 1989 GERSON
594 1919 841 2008 pulcherrimam
864 1913 1042 1985 irradiatam
1060 1937 1131 2007 pro

134 2015 487 2116 Gernrdinissaripſsffc
508 2017 654 2092 traditur:
685 2043 753 2092 nnn
773 2015 893 2116 scripsit
911 2019 1051 2101 librum,
1075 2017 1131 2092 seu
1213 2109 1216 2113 .

134 2123 326 2206 crassatum,
350 2117 403 2192 sed
424 2125 519 2194 breue
537 2119 692 2193 iudicium
713 2120 910 2219 composuit,
935 2121 1020 2220 quod
1036 2121 1074 2192 ab
1088 2146 1131 2195 eo

133 2227 203 2297 AN
212 2226 328 2298 TON
339 2230 448 2321 1V8„
466 2223 667 2299 Veronensis·
679 2225 870 2309 cardinalis,
906 2225 1132 2322 pollulauerata

133 2354 234 2424 neque
248 2324 384 2400 caussam
397 2334 461 2427 egit
475 2331 750 2413 &raedictorum
771 2354 909 2428 quorum
928 2327 1018 2400 nullo
1031 2328 1131 2402 aerbo

133 2436 300 2514 meminit,
333 2428 385 2503 sed
413 2435 674 2505 GRABONIS
701 2453 824 2505 tantum
851 2429 1021 2529 dogmata<
1050 2456 1131 2530 quae

131 2533 242 2634 paullo
256 2555 327 2606 aute
341 2541 609 2619 commemoraui,
634 2564 651 2606 a
665 2562 782 2607 norme
796 2562 887 2610 verae
900 2536 1063 2634 religionis
1077 2535 1131 2606 ab·

131 2641 273 2720 horrere,
294 2635 410 2711 docuit.
463 2639 582 2721 Crede,
605 2640 817 2721 Gcrnrdinon
833 2645 866 2710 in
888 2640 997 2738 Belgio
1012 2636 1128 2737 degen·
1221 2700 1226 2715 .

132 2761 188 2818 tes,
208 2749 241 2814 in
263 2741 374 2841 vulgus
393 2739 532 2840 sparsisse
552 2747 679 2825 omniu,
705 2768 785 2839 quae
801 2747 856 2813 hic
874 2747 1069 2823 notauimus,
1095 2730 1130 2818 vl

131 2845 397 2916 existimationem
414 2842 469 2916 fibi
488 2863 641 2941 pararent,
661 2864 690 2914 et
703 2840 896 2915 securitatem
911 2871 928 2914 a
944 2843 1129 2921 maleuolise

132 2951 172 3022 Μ
186 2949 301 3018 ASSA
314 2954 376 3016 llll
387 2952 427 3017 M
448 2973 540 3020 vero.
563 2951 660 3017 nimis
677 2944 861 3033 credulum,
881 2973 959 3044 quae
974 2949 1021 3018 illi
1031 2972 1128 3052 prae·
1224 2985 1227 2992 ·

132 3046 295 3130 dicabant,
327 3069 445 3119 temere
474 3056 508 3119 in
530 3049 655 3120 annales
678 3043 824 3121 retulisse.
884 3054 997 3122 Totiea
1022 3069 1128 3126 autem

133 3178 233 3252 quum
251 3158 282 3222 in
297 3157 457 3224 veritatem
474 3156 577 3224 homo
593 3151 648 3230 ille
661 3172 781 3248 peccet,
808 3150 887 3225 illud
902 3159 1016 3237 etiam,
1039 3149 1129 3252 quod

132 3253 174 3328 de
195 3257 364 3353 approbata
386 3262 417 3328 in
440 3255 583 3327 concilio
604 3252 835 3330 Constantimfi
856 3258 1129 3331 communimine

124 3359 231 3457 fissa,
251 3380 282 3431 et
297 3356 470 3431 fratribueu
487 3357 637 3431 Pontifice
652 3354 720 3456 ipso
734 3374 766 3430 et
784 3355 933 3443 laudatis,
952 3357 1034 3431 etad
1050 3386 1128 3432 con·

130 3463 276 3536 slantiam
296 3470 327 3534 in
345 3459 484 3562 suscepto
498 3465 579 3536 vitae
591 3488 707 3561 genere
720 3466 857 3535 excitatis
873 3458 991 3547 refert,
1008 3468 1127 3537 metito

130 3571 166 3638 in
180 3565 290 3640 medio
306 3567 499 3667 relinquitur.
552 3572 628 3640 Huc
648 3585 768 3639 ceruum
791 3565 852 3647 est,
874 3562 1129 3641 Conslantiensea
1197 3623 1200 3630 -

132 3695 200 3744 non
220 3668 322 3742 modo
341 3672 423 3743 nihil
443 3676 477 3743 in
498 3675 581 3743 hanc
602 3691 730 3768 gentem
753 3663 902 3755 llatuisse,
922 3694 1002 3768 quae
1021 3666 1129 3768 reapse
1225 3733 1230 3744 ,
1273 3715 1307 3725 -
1328 3678 1334 3774 ..³

131 3771 212 3848 nulli
237 3773 387 3856 molesia,
404 3793 438 3846 et
458 3780 502 3845 rei
522 3774 667 3872 publicae
688 3775 771 3845 utilis
792 3798 874 3854 erat,
895 3800 1006 3849 verum
1027 3780 1128 3848 etiam

131 3893 252 3947 tantam
274 3875 436 3948 lenitatem
460 3901 535 3973 erga
558 3883 715 3974 utriusque
735 3873 820 3949 sexus
841 3878 1047 3973 Regnorum,
1071 3877 1128 3977 qui

130 4003 267 4077 operam
289 3976 483 4050 mendicitati
503 3977 637 4061 dabant,
658 3971 844 4064 ostendisse,
864 3998 897 4051 vt
921 3983 1002 4051 luter
1025 4002 1127 4079 patro·

130 4107 190 4155 uos
204 4100 235 4154 et
252 4074 498 4182 amplificatorea
518 4105 632 4154 eomm
646 4077 892 4180 quodammodo
907 4080 1059 4157 collocari
1074 4079 1129 4155 de·
1238 4121 1240 4126 ·

127 4184 232 4261 beant.

202 4388 276 4465 liae
290 4378 331 4463 de
345 4375 446 4462 caussa
467 4280 541 4487 pud
560 4282 999 4474 clgllllclillliffl·conssmgmst’
1019 4383 1125 4465 secun-
1317 4452 1319 4456 ,

125 4492 260 4608 disliuria
280 4488 595 4598 ubiqueferefireltua
615 4498 652 4567 iu
663 4493 841 4696 ἓεὲπέαῃίι
853 4516 884 4569 et
900 4494 1130 4681 Heluetium
