2850 5475
198 709 262 792 ¹⁶⁴
304 703 438 791 Capti.
483 696 727 811 Drmelieriber,
745 717 821 785 quae
829 664 1095 784 primordium

130 886 133 899 '
201 877 377 964 inemsrue
388 875 547 959 dominio,
562 872 710 948 abdicare
724 870 787 949 sese
801 870 948 949 debuisse.
990 876 1210 949 Fortunarum

203 991 294 1059 enirn
308 981 432 1057 suatum
449 1004 571 1080 partem
587 978 611 1052 st
626 979 683 1053 fibi
700 985 850 1065 retinere,
871 999 902 1051 et
914 1004 975 1078 pro
989 978 1090 1051 lubitu
1106 978 1213 1053 admi·

204 1088 333 1164 nistrare
347 1082 527 1188 potuissent,
536 1089 600 1156 ueri
617 1082 823 1157 simillimum
834 1080 1044 1166 adfuturum
1060 1079 1168 1166 fuisse,
1179 1107 1211 1156 vt

117 1238 122 1251 ·
181 1274 186 1285 ¹
204 1220 273 1266 non
283 1193 445 1274 omnibus,
459 1185 511 1261 sed
528 1190 714 1287 pauperibus
727 1209 862 1272 tanturn,
871 1183 929 1260 dos
942 1186 1008 1269 illa,
1015 1214 1114 1285 quarn
1126 1188 1210 1260 clau·

102 1335 105 1339 ·
203 1297 264 1371 stra
283 1292 427 1394 poscunt,
442 1297 686 1393 promitteretur.
725 1297 787 1366 Cui
806 1294 1005 1364 coniecturae
1017 1295 1141 1363 virtutis
1156 1290 1212 1363 ali·

205 1397 335 1500 quidex
349 1424 403 1480 eo,
415 1419 449 1469 vt
461 1396 605 1481 arbitror,
618 1393 748 1479 aceedit,
761 1393 849 1496 quod
862 1391 985 1469 sororoe
998 1420 1067 1468 non
1080 1397 1212 1467 nobilia

205 1524 342 1585 tantum,
361 1527 474 1576 venem
488 1506 585 1577 etiam
600 1501 780 1584 immobilia,
796 1498 829 1571 id
844 1499 905 1583 est,
926 1526 1029 1573 omne
1044 1499 1210 1580 bonorum

206 1634 305 1707 genus
321 1600 455 1679 attulisse
471 1599 627 1676 dicuntur.
670 1607 745 1677 Siue
759 1606 813 1676 hic
827 1598 941 1702 opinio
954 1629 1010 1674 me
1025 1598 1128 1686 fallat,
1146 1601 1212 1675 srue

206 1737 287 1794 oon,
301 1706 334 1781 id
347 1704 555 1781 manifestum
569 1705 693 1779 uidetur
705 1704 778 1793 etse,
787 1711 954 1802 Begaiaas
964 1704 1209 1805 Argentinenser

205 1819 347 1917 propina,
354 1839 451 1914 quam
466 1812 558 1894 alias,¹
567 1812 606 1885 ab
615 1811 670 1884 illa
679 1812 808 1885 uiuendi
824 1806 1208 1910 rationeabsuilsmquam

206 1923 344 2017 virgines
354 1921 426 1990 Deo
434 1943 489 2014 per
498 1936 571 1988 vota
582 1912 974 2015 consecratae,sequuntur,
982 1935 1076 2013 atque
1084 1921 1211 1999 omnia,

112 2070 116 2077 ·
206 2047 288 2122 quae
301 2018 351 2092 vel
367 2017 572 2117 possidebant,
588 2019 637 2090 vel
656 2017 816 2103 indullria,
831 2019 952 2101 labore,
965 2040 995 2090 et
1011 2017 1209 2094 haereditaria

208 2131 277 2197 iure
298 2125 513 2221 acquirebant,
541 2129 574 2194 in
598 2149 809 2195 communem
832 2118 998 2196 contulisse
1015 2120 1210 2206 thesaurum,

205 2225 292 2303 vnde
305 2231 414 2308 vidlus,
427 2225 621 2310 vestimentu,
634 2249 663 2298 et
679 2227 801 2327 reliqua
815 2221 981 2299 necessaria
997 2222 1130 2325 lingulis
1146 2223 1210 2325 sup·

141 2342 148 2353 ‘
206 2329 434 2433 peditabantur.
453 2334 518 2402 Lex
533 2336 621 2400 enim
636 2357 696 2412 eas,
709 2358 789 2430 quae
804 2357 890 2403 anno
905 2335 1044 2401 tirocinii
1058 2329 1207 2403 nondum

206 2435 344 2535 expleto,
364 2439 448 2506 exire
461 2433 602 2530 collegio
616 2433 781 2520 volebant,
805 2435 888 2506 iubet
901 2440 1044 2533 primum
1066 2432 1207 2535 singulos

207 2542 393 2620 comidior,
415 2564 479 2634 quo
494 2533 564 2608 usae
579 2560 687 2629 erant,
710 2535 835 2609 menses
850 2537 1055 2638 quadraginta
1072 2536 1210 2610 denariis

210 2642 383 2715 redimere:
406 2667 443 2713 ex
454 2667 518 2740 quo
533 2640 712 2725 coniicitur,
727 2648 780 2714 vni
796 2638 925 2713 mensae
938 2647 1110 2717 communi
1127 2640 1209 2714 sum·

208 2772 241 2821 tn
256 2747 429 2826 instrudlae,
437 2741 558 2816 sorores
568 2772 681 2816 omnes
696 2744 879 2818 accubuisse.
902 2746 988 2817 lubet
1002 2746 1134 2818 easdem
1151 2747 1210 2831 lex,

206 2851 291 2924 srvel
302 2848 408 2932 velles,
420 2856 470 2918 vel
482 2850 561 2918 olias
576 2850 759 2941 nerrffitotes
772 2854 955 2941 occeperint,
971 2856 1111 2947 pretium
1127 2877 1212 2922 acca·

206 2964 337 3056 prorum
358 2950 506 3025 reddere:
534 2979 572 3023 ex
587 2979 652 3050 quo
671 2951 781 3050 colligi
801 2949 890 3050 polse
904 2953 1057 3038 arbitror,
1079 2976 1111 3025 et
1131 2958 1212 3025 ami·

207 3063 309 3141 ctum,
320 3079 350 3128 et
363 3055 484 3154 reliqua
497 3061 578 3136 vitae
590 3052 741 3155 praesidia
756 3052 913 3128 sororibus
926 3082 963 3126 ex
977 3064 1152 3129 communi
1163 3083 1210 3129 ao·

204 3159 366 3235 rariodutu
380 3155 482 3232 fuisse.
505 3164 607 3255 Negat
622 3160 682 3240 lex,
693 3157 733 3229 de
744 3155 973 3231 discedentium
989 3158 1209 3233 debitirdetm·

204 3263 309 3339 nenda
322 3260 578 3359 essesrrrritio,ſs
590 3262 843 3360 qaaesoiiastnt
855 3268 890 3332 in
902 3286 1008 3334 earum
1023 3268 1210 3336 induitione.

204 3371 298 3440 Haec
319 3365 453 3447 docent,
474 3362 610 3463 potuisse
653 3391 710 3435 uae
732 3363 770 3434 ad
792 3361 987 3438 sodalitatem
1009 3363 1208 3450 accederent,
1245 3363 1247 3366 ¹

203 3479 300 3545 etiam
316 3470 462 3541 nondum
478 3475 619 3548 initiatas,
631 3393 656 3538 st
669 3466 800 3568 quidem
816 3469 943 3553 vellent,
956 3470 1074 3542 vellem
1085 3474 1207 3568 Bagai·

97 3566 108 3588 ⁹
201 3600 319 3647 narrem
332 3570 467 3652 sumere,
482 3598 583 3670 neque
595 3572 807 3671 ritum,quem
823 3574 951 3644 barbare
960 3595 1087 3656 vocant,
1101 3578 1206 3652 indui·

202 3679 299 3749 tionis
315 3676 354 3747 ad
371 3680 509 3745 tirocinii
526 3675 624 3745 finem
639 3672 764 3774 semper
778 3673 912 3748 dilatum
928 3672 1028 3750 suilse.
1062 3680 1204 3750 Seruitia

201 3808 290 3865 vero,
310 3788 345 3851 in
366 3784 426 3850 hac
442 3784 634 3849 caerimonia
650 3775 809 3852 sororibus
827 3779 985 3879 praestita,
1010 3807 1080 3854 non
1095 3778 1202 3864 video,

225 3883 278 3956 uid
292 3881 354 3956 else
369 3882 494 3980 polsmt,
514 3880 572 3953 nist
586 3883 702 3977 epulas,
719 3886 830 3983 quibus
844 3882 1045 3956 aduenientes
1057 3891 1203 3983 excipere

200 3912 342 4062 solebam
356 3985 469 4059 surim:
491 4014 570 4083 qrrae
584 3985 711 4083 quidem
730 3994 878 4060 conuiuia
893 3991 1062 4081 Bageiaar
1075 3989 1202 4060 nostrae

199 4090 376 4172 obscurius,
398 4119 438 4161 ne
452 4097 486 4161 in
503 4087 717 4188 suspicionem
732 4112 762 4162 et
777 4090 929 4163 inuidiam
949 4097 1132 4176 incurrant,
1153 4098 1200 4163 in·

199 4194 314 4267 dicant.
350 4202 439 4264 Vetat
453 4193 589 4292 denique
603 4193 654 4264 lcx
669 4195 814 4266 abeuntes
831 4221 966 4293 operum
982 4190 1032 4268 seu
1049 4198 1200 4268 laborum

200 4296 331 4372 suorum
347 4302 526 4394 prae-mium
543 4326 560 4367 a
574 4292 732 4370 sororibus
747 4304 886 4397 exigere:
907 4298 993 4396 quod
1009 4321 1200 4399 argumento

198 4405 261 4488 ell,
288 4405 369 4472 crrt'a
386 4398 542 4471 l‘ororibus
564 4399 657 4497 pensa
681 4409 835 4501 imperata
857 4398 959 4484 fuisse,
976 4431 1119 4501 quorum
1136 4401 1198 4476 stu·

194 4509 263 4579 etus
279 4505 319 4578 ad
334 4503 531 4579 sodalitatem
546 4512 732 4604 peruenerit.
785 4510 852 4605 §ibi
866 4512 958 4584 enim
970 4529 1056 4584 etex
1067 4510 1199 4598 arbitrio

595 4661 605 4674 ν
662 4673 665 4678 -
1154 4635 1196 4685 UO
