2850 5475
382 622 594 711 Beguiscannn
613 608 719 688 nonu
739 620 882 688 tutesuttt.
1001 658 1005 667 ·
1072 636 1148 691 sat·

130 805 223 883 certis
234 806 430 900 argumentis
445 806 515 873 niti.
565 797 628 875 sed
645 804 710 872 ianr
725 772 1020 900 pergentemaudi:
1052 800 1149 896 Quo·-
1170 770 1175 781 Ι

128 932 203 977 nani
221 912 311 977 asocs'a
328 913 469 1000 capimus
488 902 587 976 illos?
638 907 852 976 Revertamur
869 903 962 993 (tiam
980 904 1137 1001 quaedam

130 1032 222 1085 arctes
240 1018 305 1081 ianr
323 1008 361 1081 de
378 1015 436 1082 hac
454 1036 487 1078 rc
504 1009 661 1099 attulerat)
678 1022 876 1079 reuertamur
891 1013 933 1078 ad
947 1010 1072 1102 coenare
1084 1034 1147 1081 um.
1218 1074 1223 1085 ,
1296 1030 1298 1041 ·

130 1128 161 1185 ct
184 1116 423 1186 contubernium
441 1114 681 1207 fanaticorum:
713 1117 767 1184 istic
784 1119 865 1184 enini
883 1108 966 1181 intir
981 1138 1031 1183 cas
1049 1138 1139 1186 nemo
1199 1170 1205 1187 .

130 1224 188 1316 qni
205 1231 320 1288 carcat.
373 1225 545 1313 [atticano
565 1242 658 1287 rnuns
677 1221 853 1311 quempiam
872 1218 993 1287 latum.
1047 1217 1141 1287 Heus

132 1334 180 1405 tn,
199 1325 275 1392 bone
290 1327 365 1394 uic!
418 1324 579 1416 chaenani
593 1324 664 1392 haec
681 1323 804 1406 mulier,
822 1335 851 1390 ct
867 1321 949 1391 unde
968 1326 1038 1391 naec
1053 1320 1153 1395 istit.

136 1426 179 1500 V
174 1450 277 1498 xarne
295 1426 376 1498 tua?
400 1426 488 1503 Non,
505 1425 706 1520 inquinantes
725 1437 800 1497 nato
816 1449 880 1496 cneo
896 1423 979 1518 illud
992 1447 1055 1492 non
1071 1448 1142 1495 con-
1257 1500 1261 1507 ,

132 1535 229 1600 uenit.
285 1534 369 1602 titia
387 1530 493 1627 ergo?
546 1532 634 1600 Non.
667 1527 901 1625 Quidigitusi
945 1527 1163 1621 Nonsoror‚·
1196 1582 1198 1587 .
1239 1608 1241 1617 Ι

132 1657 197 1704 non
213 1639 326 1727 neptis,
342 1659 406 1703 nois
419 1636 524 1727 aliquo
533 1632 646 1726 stiltecn
660 1636 925 1727 propinquitatis,
941 1634 991 1701 oei
1007 1630 1141 1724 affinitu-

133 1741 176 1807 tis
188 1740 300 1835 gradu
318 1745 457 1808 attinens
473 1736 559 1807 tilii?
611 1737 711 1807 Nullo
722 1735 867 1830 prorsas.
923 1739 972 1807 Et
986 1738 1159 1833 quomoda·
1203 1746 1210 1755 ’

134 1852 208 1911 tuta
231 1845 290 1911 tibi
308 1866 375 1911 suni
395 1840 454 1938 ista
472 1844 667 1911 continentia
683 1837 767 1909 tcta?
820 1842 902 1909 Sanc
917 1863 970 1909 nec
987 1842 1059 1909 licet
1081 1841 1144 1912 cibi

132 1943 227 2040 istud.
253 1981 305 1994 -
327 1983 379 1995 -
402 1982 451 2007 -ι
478 1947 511 2013 Si
527 1968 589 2012 non
608 1947 656 2012 uis
662 1942 891 2037 scandalizare
908 1945 1059 2041 ecclesiam,
1071 1948 1145 2015 eiics
1270 1970 1272 1974 ·

123 2046 316 2140 scicniinain.
368 2041 523 2140 Alioquin
541 2070 580 2116 cs
598 2050 652 2117 tioc
669 2070 734 2117 uico
752 2060 862 2128 cetera,
887 2071 965 2142 quac
982 2072 1049 2120 nan
1065 2054 1159 2126 adca,

134 2149 407 2243 maniscclaſssnt,
423 2153 651 2242 proculdubio
668 2148 942 2241 crediliiliafiunt.
962 2188 1006 2205 -
1030 2190 1079 2201 --
1095 2188 1147 2209 -
1304 2188 1308 2197 ·

137 2252 288 2347 Cepimus
305 2260 442 2347 uulpem,
465 2254 705 2348 quiafraudcm
715 2257 924 2345 percepimus.
975 2251 1147 2347 Manifesta·
1170 2282 1175 2291 ·
1249 2310 1252 2315 .

127 2356 220 2452 stent,
241 2361 295 2452 qui
309 2361 443 2427 latebant
452 2358 539 2456 sntst
551 2361 720 2443 Catholici,
742 2366 808 2426 sicci
823 2356 1067 2450 depraedatores
1085 2360 1147 2431 Cs-

136 2463 274 2535 tlsolicae.
300 2458 427 2533 Addam
443 2482 533 2546 eant
544 2483 609 2533 tota
623 2487 671 2533 scs
682 2456 904 2558 cognoscatur,
917 2486 998 2558 quae
1014 2466 1048 2533 in
1062 2482 1148 2534 anta

137 2563 244 2663 grellia
263 2563 481 2664 disputauerunt.
515 2568 581 2640 Vn·
592 2563 901 2659 Apostolicaforsssa
917 2581 947 2636 ct
963 2568 1149 2659 vtinam
1253 2558 1269 2629 .'

137 2668 292 2741 iailatis?
319 2707 376 2736 -,
391 2708 442 2721 -
495 2670 584 2763 Quid
595 2670 700 2768 stuciis
721 2668 782 2737 iilis
801 2669 835 2734 in
853 2668 943 2742 uobis
960 2667 1163 2762 intenditis?-

138 2770 201 2845 An
220 2777 307 2867 pcod
325 2776 482 2843 uobiscum
506 2776 714 2846 mulierculas
735 2794 800 2839 nan
823 2776 931 2865 utique
946 2771 1163 2852 circumtecti.

140 2880 196 2956 tic,
208 2875 267 2968 sect
286 2875 477 2946 includitis?
497 2912 550 2926 ·-
569 2913 621 2926 -
645 2911 698 2924 -
731 2870 879 2965 Quotidie
897 2878 984 2945 tatus
1002 2891 1093 2948 tuum
1107 2875 1157 2956 ad
1259 2883 1261 2888 ’

140 2979 228 3047 latus
254 2973 497 3069 iuuenculaeest
522 2980 557 3046 in
582 2973 697 3070 menfis.
750 2973 865 3044 cattas
884 2987 959 3047 tuns
977 2981 1021 3048 ad
1043 2976 1164 3056 tucn.

143 3086 210 3151 eius
227 3083 260 3150 in
277 3082 507 3160 sentinaculi
523 3083 571 3149 tesi
588 3083 631 3147 ad
644 3080 730 3147 illius
743 3080 848 3146 oeulos
858 3080 892 3148 in
906 3080 1068 3175 colloquio,
1087 3109 1164 3154 nia·
1201 3131 1206 3142 ι

141 3207 203 3254 nus
226 3199 300 3254 tuae
314 3183 357 3252 ad
377 3206 493 3251 manus
512 3181 609 3281 ipstus
623 3180 660 3250 in
678 3202 779 3270 opere,
800 3194 831 3249 ct
850 3185 1013 3254 continens
1028 3190 1079 3255 vis
1095 3211 1156 3281 pa.
1261 3211 1263 3216 ·

141 3289 222 3359 tari.
273 3282 363 3378 Esto,
378 3287 489 3383 ensis:
502 3283 565 3378 ssd
583 3308 641 3379 ego
651 3280 829 3377 ficspiciocse
843 3306 907 3357 nois
923 3310 1022 3357 sareu
1054 3296 1165 3372 Scan·¹
1192 3353 1200 3368 .

121 3379 219 3461 'dolo
238 3391 315 3458 asilii
332 3411 383 3457 es:
400 3389 472 3459 'totle
480 3388 630 3484 scandali
648 3382 796 3481 caustum.
848 3392 888 3460 ln
904 3392 969 3460 hac
989 3416 1067 3491 ergo
1086 3418 1153 3468 viro

143 3490 213 3568 suut
231 3498 343 3564 osnnia
364 3489 623 3586 Apostolicorum
639 3495 796 3562 crimina:
827 3511 927 3564 cetera
947 3490 987 3563 ad
1006 3492 1155 3597 suspicio·
1248 3565 1250 3570 .

144 3623 201 3671 nes
227 3593 392 3668 atttendasi
421 3593 554 3678 debent,
586 3621 721 3691 quatum
750 3589 840 3692 saepe
863 3596 944 3669 iuslo
963 3592 1155 3676 foecundius
1204 3587 1208 3598 ⁸

145 3720 210 3774 crat
237 3703 550 3776 BERNHARDI
576 3702 757 3797 ingenium.
810 3706 912 3800 Atque
935 3698 1001 3800 ipse
1025 3710 1089 3778 hoc
1111 3704 1157 3779 sa.

146 3809 254 3904 quenti
271 3801 421 3877 sermone
438 3824 583 3876 extrema
600 3828 667 3874 noa
682 3796 816 3873 obscure
833 3803 958 3876 indicat.
982 3811 1155 3909 Poliquam

147 3914 238 3981 enirn
257 3914 388 3990 omnia,
413 3933 494 4005 quae
511 3903 555 3976 de
570 3905 640 3976 aliis
657 3909 820 3977 ltaereticis
838 3930 1020 4007 acceperat,
1042 3918 1075 3984 in
1095 3919 1158 3985 luit

147 4017 301 4090 homines
328 4008 543 4082 liberalissime
568 4003 741 4092 effuderat,
756 4010 926 4107 'postremo
944 4010 984 4084 ad
1005 4043 1101 4088 vnntn
1123 4016 1160 4088 il·

149 4119 218 4193 lam
238 4113 278 4186 de
297 4113 484 4185 mulieribus
500 4116 740 4209 querimoniam
762 4119 944 4198 reuertitur,
966 4143 1065 4216 eaque
1083 4146 1160 4192 con·

149 4223 246 4293 sineri
264 4222 397 4300 omnia,
428 4242 509 4315 qnae
526 4215 653 4287 tolerati
671 4213 764 4286 nullo
785 4214 889 4289 modo
910 4224 941 4290 in
962 4225 1026 4294 boc
1043 4248 1163 4322 genera

150 4318 484 4426 possent‚·praecipit.
544 4319 700 4415 Obiurgat
718 4322 862 4417 primum
884 4325 1032 4397 antistites
1051 4353 1162 4401 rerum

152 4425 330 4511 sacratum,
362 4420 454 4526 quod
467 4417 591 4498 sesiam
608 4424 693 4495 hauc
710 4425 879 4527 tranquille
898 4432 1005 4503 viuere
1021 4453 1171 4533 penten..
1256 4502 1258 4507 ,

745 4550 763 4622 5
1099 4557 1170 4608 tusa
