2850 5475
193 696 306 773 ,³¹4⁴
345 681 481 769 Cauil.
521 680 769 766 Dendnibae,
784 618 1142 770 praeprimaebmaiam

228 848 340 957 ‘queue
359 862 438 935 binc
458 876 540 941 erat,
563 879 600 930 vt
621 844 696 942 illis,
717 857 829 956 quibua
846 852 972 957 possent
986 855 1095 930 modis
1107 855 1257 935 aduersa·

239 982 355 1036 rentur.
406 959 630 1035 Hir'inimicir
649 963 731 1034 nihil
754 961 822 1034 fieri
844 982 967 1060 poterat
982 958 1254 1038 fonuidolosrua:

228 1062 368 1145 -summa
386 1072 475 1139 enim
498 1088 529 1140 et
550 1073 585 1139 iu
604 1067 675 1140 aula
695 1071 863 1149 Romana,
882 1071 962 1137 etin
974 1064 1099 1165 populo
1117 1067 1252 1169 abique,

228 1170 387 1245 -ralebant
397 1173 592 1245 audieritate.
645 1176 759 1270 Neque
775 1168 886 1242 dubito
901 1167 1034 1254 idcirco,
1054 1176 1133 1270 quin
1147 1167 1255 1245 sortu-

238 1300 294 1348 naa
310 1274 357 1346 illi
374 1277 599 1372 Beguirruranr
615 1271 757 1348 funditur
777 1275 864 1346 breui
887 1293 1034 1372 tempore
1055 1271 1251 1362 euertiffant,

227 1376 295 1453 -nisr
309 1377 504 1450 necellitudo
520 1377 676 1480 quaedam
691 1383 851 1450 amicitiae
867 1372 1088 1450 intemenilsen
1124 1380 1250 1476 Regni·
1266 1388 1271 1398 '

227 1478 1250 1687 aa:tu?uzarnulunlrrrn

235 1691 433 1764 habentibus.
485 1691 597 1774 Aliae,
618 1717 683 1790 quo
696 1710 729 1761 et
745 1694 795 1762 hir
810 1689 988 1788 placerent,
1009 1709 1041 1760 et
1052 1715 1172 1761 eoarm
1183 1690 1248 1763 tela
1263 1782 1266 1787 .

226 1793 447 1875 declirrarenr,
473 1801 527 1896 qui
541 1792 742 1867 tolerandam
757 1791 831 1865 ideo
845 1793 1004 1891 negabant
1015 1793 1248 1889 Begat'mra

226 1895 372 1983 sellam,
397 1902 470 1998 quia
498 1897 693 1970 l‘ontilicum
720 1894 872 1995 suffragio
893 1916 1028 1980 careret,
1049 1902 1246 1970 aut-tertiam

226 2005 528 2077 'Dominicanorum
544 2024 575 2072 et
588 1998 871 2073 franciscanorum
884 1999 1028 2098 regulam
1040 1997 1245 2098 adoptabant,

151 2134 154 2139 ’
234 2128 288 2179 aut
300 2131 377 2178 eum
394 2105 629 2201 bargusliaianir
644 2105 706 2176 illis
722 2101 784 2177 sese
799 2101 969 2185 sociabant,
984 2105 1096 2203 quibua
1109 2101 1245 2179 liberior

230 2211 277 2283 ell
295 2206 424 2281 uiuendi
445 2214 535 2281 ratio.
587 2207 814 2281 Prudentiaene
826 2227 858 2280 et
871 2205 1018 2289 confilio,
1042 2235 1083 2280 au
1096 2233 1178 2279 vero
1193 2236 1243 2281 ca-

225 2311 298 2401 sui3
328 2332 360 2384 et
381 2309 405 2384 sr
422 2309 577 2394 consalin,
598 2318 695 2385 utrius
711 2319 805 2410 partie
820 2310 1004 2411 prudentiae
1020 2315 1100 2384 haee
1114 2315 1244 2410 Bagai·

230 2441 347 2488 noram
362 2436 393 2487 et
407 2413 668 2488 Mendicantium
684 2419 873 2489 coniunclio
886 2413 1051 2488 tribuenda
1071 2412 1128 2499 lit,
1154 2411 1242 2489 haud

94 2550 98 2561 ·
233 2516 330 2594 facile
351 2520 510 2593 dixerim:
532 2546 579 2591 rea
602 2547 679 2592 vero
700 2518 766 2619 ipsa
784 2517 974 2592 tellatillirna
987 2519 1047 2603 esl,
1072 2517 1242 2619 multaque

224 2625 381 2722 exempla
398 2626 622 2719 Begoinarum
634 2621 772 2723 proferri
789 2620 933 2722 possunt,
961 2647 1041 2721 quae
1053 2643 1127 2695 ante
1144 2627 1242 2696 Vien-

231 2724 327 2801 nense
341 2733 407 2800 iam
420 2727 611 2809 concilium,
625 2749 656 2800 et
671 2725 878 2827 proscriptam
895 2733 927 2800 in
942 2727 1000 2801 illo
1014 2729 1241 2825 Begastrum

227 2831 413 2915 familiam,
434 2852 488 2904 aut
503 2833 762 2931 Angussinnnae,
778 2852 831 2904 aut
845 2837 1025 2904 Tertiariae
1038 2829 1144 2904 fadlae
1156 2827 1241 2904 sunt.

226 2942 415 3036 'Vtrumque
434 2963 469 3006 ea
490 2934 585 3008 siebat
598 2936 680 3034 lege,
704 2956 739 3007 vt
753 2936 872 3009 vellem
886 2956 1008 3007 tantum
1024 2955 1055 3006 et
1066 2935 1131 3006 alia
1145 2937 1240 3033 quaa-

179 3117 182 3124 ,
231 3038 307 3112 darn
323 3046 356 3113 in
371 3040 483 3113 oculor
496 3036 640 3111 cadentia
653 3060 823 3121 mutarent,
843 3035 947 3136 ipsum
963 3065 1040 3111 vero
1055 3038 1239 3110 inslitutum

191 3207 194 3212 .
224 3142 321 3217 suum
343 3164 447 3215 toturn
472 3148 652 3215 retinerent.
703 3142 825 3216 Fallere
840 3146 930 3214 enim
949 3141 1099 3214 volebant
1117 3141 1240 3239 Btgrt'·

224 3271 288 3320 arur
301 3244 493 3319 aduersarios
508 3244 591 3332 suos,
613 3267 667 3318 aut
682 3243 864 3330 libidinem,
884 3272 945 3345 qua
964 3245 1157 3345 flagrabant,
1178 3271 1238 3319 no·

226 3350 321 3423 oendi
332 3349 501 3449 depellere,
516 3376 584 3422 non
598 3377 721 3422 nouam
735 3354 815 3423 vitae
828 3355 985 3420 rationem
1001 3355 1090 3421 inire.
1112 3351 1238 3422 Sanni·

226 3451 607 3527 monialiumvniuersur
629 3459 782 3528 exercitur
806 3480 867 3525 vna
895 3479 972 3524 cum
996 3456 1138 3551 patronis
1161 3450 1236 3537 suia,

252 3559 340 3629 uibus
356 3576 480 3656 poterat
491 3555 786 3654 modiaBeguinns
798 3551 978 3629 lacessebat:
1001 3582 1079 3655 quaa
1091 3555 1237 3629 obeam·

226 3583 287 3745 sas,
309 3658 406 3734 sacile
428 3658 626 3758 intelligitur.
677 3663 805 3733 Ceterae
829 3679 863 3734 vt
883 3665 1045 3745 omittam,
1067 3663 1162 3732 tacite
1177 3660 1238 3732 ln.

225 3766 346 3860 guium
366 3791 422 3863 per
442 3790 576 3836 morum
599 3767 838 3847 innocentiam,
855 3784 888 3835 et
905 3763 986 3835 bene
1004 3760 1154 3837 maureli
1174 3762 1238 3836 uu.

227 3864 340 3950 diurn,
355 3865 622 3962 fianllirrrom'nlrr,
645 3867 753 3940 multia
775 3864 839 3939 sese
855 3865 983 3967 flagitiis
998 3888 1030 3940 tt
1048 3864 1237 3967 suspicioni·

76 4023 85 4042 .
228 3968 288 4039 bur
300 3975 563 4053 contaminantes,
585 3970 723 4069 negledli
738 3969 840 4043 'officii
853 3967 1055 4056 accusabant,
1081 3976 1160 4045 etin
1176 3996 1235 4070 po·

228 4071 297 4171 puli
323 4079 577 4145 eonteuuionern
599 4093 631 4149 et
653 4071 810 4148 inuidiam
837 4078 997 4147 maiorem
1021 4073 1236 4149 inducebant:

86 4177 91 4196 '
227 4198 267 4246 er
287 4201 352 4272 quo
374 4178 435 4248 alia
456 4173 724 4277 consequebantur
747 4184 795 4251 lris
818 4181 1025 4251 vehementer
1044 4178 1182 4254 molesta
1203 4197 1235 4252 at

230 4282 359 4374 ingrata.
411 4282 501 4352 Aliae
520 4302 610 4353 erant
629 4279 783 4379 profanis,
808 4278 874 4354 sne
895 4287 1007 4369 Laicis,
1031 4283 1235 4387 quoa-appel·

231 4378 351 4466 labant,
378 4388 515 4456 rationes
538 4384 760 4481 Beguinnrrrar
781 4391 943 4459 interitum
965 4410 996 4460 et
1017 4386 1172 4486 optandi,
1203 4407 1236 4462 et

230 4485 452 4580 pmrnoucndi.
507 4489 701 4560 Potentiorer
715 4486 767 4563 seu
779 4488 926 4589 equestria
940 4512 972 4564 et
982 4494 1132 4574 militaria
1144 4490 1238 4616 ordi.

331 4643 339 4664 t
1180 4622 1235 4673 rua
